1976 2584
188 78 345 134 quam
425 53 594 112 minus
656 57 890 113 aestimari
939 60 1103 131 potuit
1141 97 1156 123 ,
1209 56 1370 131 quam
1428 61 1484 114 in
1550 76 1602 115 te
1642 67 1657 125 3
1700 61 1806 119 Re..

194 135 541 192 verendiffime
567 136 707 189 Pater
736 175 749 198 ‚
779 138 843 188 an
859 137 1104 207 Sapientia
1132 175 1146 198 ‚
1164 154 1230 190 an
1273 140 1439 193 Virtus
1461 151 1545 192 tua
1572 139 1679 209 plus
1703 142 1796 195 ad..

188 213 514 271 mirabilitatis
539 211 736 267 habeat.
816 211 915 267 Sed
944 217 1085 266 enim
1124 212 1283 267 verius
1309 213 1475 271 dicam
1494 252 1508 275 ‚
1543 221 1672 268 inter
1696 234 1754 268 ea
1778 253 1796 279 ‚

186 310 298 367 quae
313 293 511 345 summa
532 290 675 351 sunt,
702 307 806 342 non
821 288 954 362 poffe
969 308 1135 344 unum
1176 292 1399 363 praestare
1433 294 1570 346 alteri
1598 311 1623 353 ‚·
1652 289 1807 346 nihil-

186 386 286 442 que
314 370 547 421 alterutro
572 367 780 428 melin-5,
810 367 898 419 nifi
924 365 1187 421 indivisam
1228 367 1503 424 amborum
1536 374 1584 422 in
1615 369 1695 422 Te
1720 389 1803 422 or-

187 445 364 500 nando
387 442 727 498 concordiam.
810 446 906 496 Ars
935 448 1115 498 artium
1133 446 1202 499 est
1224 482 1238 505 ‚
1256 453 1309 501 &t
1334 448 1576 518 Sapientia
1597 446 1803 516 Sapien-

186 528 262 577 tiae
279 559 291 582 ‚
308 539 477 595 regere
506 520 718 574 suaviter
744 528 796 576 &
814 519 1081 574 efficaciter
1097 542 1122 586 ,·
1169 521 1415 576 blandum
1444 521 1567 584 effe,
1593 530 1645 576 &
1664 523 1802 575 seve-

182 617 295 654 rum
321 616 338 667 3
362 600 530 651 lenem
550 605 602 652 &
630 599 813 652 fortem
832 620 855 660 ,·
880 598 1026 660 scire,
1053 597 1174 668 quid
1194 599 1369 669 possint
1401 599 1628 654 humana
1650 604 1795 672 inge-

182 682 269 730 nia
295 714 308 736 ,
338 682 392 730 δι
423 672 544 745 quid
580 675 739 728 velint
770 692 787 743 3
826 676 1119 728 Dominum
1148 674 1245 729 effe
1275 675 1507 729 libertatis
1532 679 1707 728 alienae
1744 684 1799 731 δε

184 753 308 820 suae3
340 760 393 809 δε
423 751 550 806 dum
588 753 666 819 alij
704 750 1038 806 dominantur
1074 755 1129 804 in
1159 770 1364 823 corpora
1387 789 1400 810 ,
1428 752 1525 806 effe
1549 752 1796 805 rediment

184 834 493 884 animorum.
575 831 696 884 ch
723 846 798 881 ars
834 826 1034 882 dudum
1074 843 1161 881 tua
1197 829 1291 881 fuit
1320 865 1336 890 ,
1373 828 1803 883 Reverendiffime

174 908 346 968 Pater,
385 906 476 960 Ista
504 904 609 961 duo
641 920 692 957 ut
727 905 914 958 faceres
944 943 956 965 ‚
994 904 1184 958 εΙοᾶιιε
1217 906 1494 958 Provinciae
1519 906 1692 957 Praeses
1720 905 1797 956 fa-

185 982 351 1039 ciebas
378 987 466 1036 tria
494 1003 508 1034 .-
550 980 726 1036 sciebas
750 1019 764 1042 ,
791 979 967 1052 quibus
991 985 1282 1052 imperares,
1307 988 1361 1037 δε
1388 981 1564 1052 quibus
1605 979 1770 1035 modis
1789 1001 1805 1032 .-

189 1061 370 1116 sciebas
407 1057 565 1112 finem
603 1065 656 1114 δε
691 1056 890 1120 media,
916 1056 1092 1130 quibus
1130 1062 1282 1111 iretur
1317 1057 1382 1113 ad
1412 1057 1570 1112 finem
1595 1056 1809 1111 :sciebas

192 1139 397 1208 scopum
425 1142 478 1190 δι
502 1136 720 1209 sagittas,
748 1133 928 1204 quibus
971 1134 1143 1205 scopus
1180 1134 1415 1188 feriretur
1455 1157 1469 1189 z
1512 1132 1690 1188 sciebas
1721 1151 1812 1203 pa-

194 1233 309 1272 cem
337 1221 391 1268 &
418 1230 558 1265 arma
588 1249 602 1271 ,
625 1208 806 1282 quibus
826 1210 1041 1263 obtineri
1068 1210 1239 1281 poffet.
1318 1214 1457 1266 Hine
1483 1229 1589 1263 non
1627 1210 1813 1265 Recto-

197 1309 307 1345 rem
339 1289 495 1343 solum
524 1325 539 1349 ,
567 1286 647 1341 sed
684 1303 811 1358 pene
840 1287 1039 1358 Regem
1069 1289 1360 1339 animorum
1390 1284 1570 1359 agebas
1596 1304 1614 1356 3
1642 1286 1811 1339 flesto-

195 1367 280 1421 bas
301 1404 315 1427 ‚
340 1384 493 1438 quam
521 1369 574 1416 in
599 1379 792 1435 partem
833 1362 983 1414 velles
1007 1382 1034 1426 ,⁴
1059 1369 1113 1417 δε
1139 1365 1204 1413 ita
1242 1361 1582 1416 moderabaris
1610 1400 1624 1425 ,
1657 1380 1709 1414 ut
1736 1380 1814 1417 te-

196 1462 317 1500 cum
343 1444 542 1496 vellent.
624 1438 719 1494 Sed
750 1439 937 1512 alligari
962 1455 1068 1490 non
1109 1435 1283 1492 debuit
1310 1439 1686 1494 uniProvinciae
1703 1444 1809 1504 Vir,

197 1518 437 1576 omnibus
478 1533 616 1588 aptus
652 1534 670 1583 3
709 1523 763 1570 δι
800 1515 985 1588 dignus
1020 1532 1125 1568 eras
1160 1514 1354 1568 secretis
1386 1515 1640 1571 Societatis
1667 1554 1683 1578 ,
1722 1520 1813 1589 qui

198 1616 404 1654 noveras
419 1596 599 1649 secreta
630 1597 789 1650 facere
820 1630 834 1654 ,
862 1599 917 1646 δε
947 1592 1152 1644 servare.
1217 1590 1360 1645 Nihil
1387 1592 1619 1645 secretius
1643 1594 1714 1646 est
1730 1612 1813 1644 ra*-

200 1675 295 1730 diis
322 1675 466 1740 solis3
506 1686 742 1739 apparent
771 1676 824 1723 δι
854 1670 1005 1722 latent
1031 1691 1043 1722 z
1073 1666 1249 1720 vident
1283 1672 1461 1722 omnia
1489 1705 1504 1729 ‚
1528 1676 1582 1724 &.
1619 1673 1702 1721 vix
1732 1673 1812 1720 vi-

209 1751 408 1806 dentur.
461 1746 602 1802 Nihil
628 1748 718 1800 illis
742 1745 958 1800 subtilius
984 1767 1012 1810 5
1048 1743 1329 1818 pervadunt
1357 1754 1526 1799 aetem
1556 1783 1571 1808 ,
1603 1763 1699 1798 nec
1727 1746 1810 1798 lae-

198 1828 392 1884 duntur
415 1847 430 1877 .·
457 1840 717 1897 permeant
742 1829 914 1897 ignem
939 1863 954 1886 ‚
980 1842 1077 1876 nec
1102 1837 1383 1875 exuruntur
1411 1844 1426 1874 .·
1450 1822 1736 1876 immiscent
1763 1821 1811 1874 se

200 1902 344 1977 affluis
368 1939 383 1964 ‚
419 1919 517 1955 nec
545 1918 873 1974 merguntur:
901 1898 1150 1953 insinuant
1177 1901 1223 1952 se
1256 1903 1395 1952 terris
1422 1939 1437 1962 ,
1460 1918 1557 1954 nce
1583 1897 1811 1954 obruun—

204 1996 303 2035 tur.
380 1977 524 2033 Nihil
550 1977 640 2029 illis
669 1975 915 2030 efficacius
935 1999 951 2029 .·
976 1973 1192 2030 faecundi
1217 1976 1330 2028 sunt
1364 1980 1417 2028 in
1462 1980 1599 2030 terris
1638 2014 1654 2038 ‚
1684 1975 1812 2039 salu·

205 2058 316 2113 bres
341 2062 392 2110 in
417 2058 556 2126 aquis
587 2092 601 2115 ,
627 2054 834 2109 illustres
860 2057 913 2106 in
941 2062 1051 2106 ae'te
1076 2093 1089 2115 ‚
1116 2057 1343 2123 purpurei
1371 2056 1423 2104 in
1439 2058 1555 2126 igne
1573 2090 1589 2114 ‚
1629 2068 1813 2122 argen-

205 2140 277 2189 tei
317 2140 370 2189 in
396 2132 541 2189 stellis
567 2167 584 2195 ‚
605 2129 870 2189 discolores
903 2134 958 2185 in
991 2131 1215 2206 planetis,
1292 2127 1437 2187 Nihil
1459 2131 1550 2183 iilis
1572 2127 1767 2183 fidelius
1785 2146 1807 2179 .-

1683 2220 1816 2278 pen-
