1888 2584
118 31 1743 396 ἓὲᾒῷἓέἒέἕὲἐέξεξὲξὲτὲεὲξῇἕξέἓξ

109 457 434 595 INdusttla
456 459 748 514 mortalium
777 493 792 520 ,
827 467 882 514 δε
915 457 1104 512 solertia
1158 461 1486 531 ingeniorum
1531 453 1721 512 ass'ecu-

226 551 272 588 ta
298 539 368 592 est
398 571 414 598 ‚
457 553 568 608 quae
601 554 868 608 nunquam
908 538 1037 589 ullus
1066 551 1293 588 veterum
1339 536 1723 594 Romanorum}

109 614 191 665 vel
219 615 513 666 Graecorum
558 618 879 687 excogitavit.
957 615 1192 665 Iuventio
1218 614 1384 681 papyri
1437 625 1502 662 ex
1546 609 1725 663 vilibus

60 703 65 708 ·
106 690 409 743 centonibus
444 729 457 752 ,
484 690 609 761 quid
648 707 754 742 non
788 689 896 743 orbi
921 691 1138 741 utilitatis
1170 688 1327 740 attulit
1358 700 1377 739 ὲ
1416 684 1554 739 cum
1584 701 1721 739 τοῖσι

105 783 183 818 tes
212 766 280 817 illi
320 767 501 819 litteras
540 767 644 819 suas
672 771 721 818 in
755 766 1022 819 corticibus
1057 764 1292 816 arborum
1332 760 1665 815 deictiberent
1689 782 1721 827 ς

102 841 245 894 unde
271 850 324 895 &
353 842 615 907 Tabellarij
643 840 765 894 dieti
795 841 922 893 sunt.
997 843 1127 912 Quis
1160 854 1318 891 artem
1359 836 1508 890 libros
1543 842 1720 907 impti-

104 916 283 970 mendi
330 917 437 970 satis
470 917 750 969 admiretur
785 930 804 970 2
852 917 953 969 Sex
1000 914 1223 969 millibus
1256 930 1512 966 annorum
1553 913 1721 966 nullus

98 991 266 1046 codex
289 1031 304 1054 ,
348 1012 442 1046 nec
476 992 654 1055 sacrae,
699 1010 796 1044 nee
820 992 1038 1063 profanae
1074 996 1267 1064 paginae
1300 987 1560 1042 exstabant
1583 1025 1598 1049 ,
1627 987 1717 1044 nili

102 1068 307 1122 summo
341 1069 510 1122 labore
538 1107 551 1129 ‚
584 1075 640 1122 δε
666 1087 853 1142 magna
900 1067 1246 1120 lucubratione
1274 1101 1289 1125 ‚
1326 1065 1510 1134 scripto
1541 1083 1719 1119 exara-

97 1158 161 1196 tae
195 1168 211 1198 t
252 1145 417 1198 donec
467 1146 748 1218 Mogontiae
808 1151 862 1196 in
904 1147 1177 1198 Germania
1209 1146 1426 1206 joannes
1470 1141 1719 1194 Gauden-

98 1219 256 1294 bergh
293 1238 432 1291 typos
469 1219 692 1291 primum
736 1221 871 1276 fudit
906 1259 923 1283 ‚
962 1220 1154 1293 digeffit
1197 1257 1214 1282 ,
1264 1217 1415 1289 praelo
1474 1223 1662 1288 aptavit
1694 1257 1712 1282 ,

99 1304 155 1350 δε
201 1297 299 1348 unaA
341 1297 578 1368 impreffit
622 1298 709 1353 die
744 1337 761 1360 ,
798 1313 1054 1368 quantum
1095 1300 1177 1348 vix
1221 1312 1364 1346 anno
1396 1293 1711 1348 scribebatur.

96 1373 401 1445 Ignorabant
421 1376 550 1426 olim
573 1391 949 1445 campanarum
990 1373 1135 1425 usum
1159 1410 1172 1433 ‚
1213 1388 1336 1442 quas
1358 1368 1550 1423 sanstus
1580 1371 1712 1424 Pau-

98 1448 227 1502 linus
251 1487 267 1511 ,
310 1450 439 1501 nolae
466 1454 519 1502 in
536 1450 826 1520 Campania
849 1449 1109 1521 Episcopus
1136 1487 1152 1510 ‚
1174 1451 1226 1500 in
1263 1445 1529 1500 Ecclesiam
1558 1445 1712 1500 indu·

96 1530 180 1577 xit.
260 1526 462 1579 Omnes
498 1528 857 1581 Romanorum
891 1523 1162 1579 testudines
1186 1563 1201 1587 ‚
1226 1522 1418 1576 balistas
1447 1559 1466 1583 ,
1506 1529 1562 1577 δε
1583 1527 1716 1576 arie«
1799 1572 1802 1575 .

97 1616 167 1654 tes
192 1600 344 1655 hodie
370 1603 600 1672 parvulus
626 1603 830 1673 pulvere
852 1607 1034 1656 nitrato
1070 1601 1304 1653 subvertit
1340 1634 1359 1657 ‚
1398 1615 1554 1668 quem
1585 1600 1708 1651 Bar.-

95 1678 301 1732 tholdus
333 1681 492 1752 Niger
532 1718 547 1741 ,
595 1678 888 1733 Monachus
932 1716 950 1738 ‚
987 1678 1263 1732 adinvenit.
1338 1674 1422 1732 Sic
1442 1674 1549 1728 tubi
1573 1679 1710 1745 opti-

94 1759 141 1808 ci
171 1791 185 1814 ,
223 1764 275 1810 &
301 1756 605 1824 conspicilia‚
629 1755 864 1811 humanis
878 1755 1043 1809 ufibus
1070 1753 1452 1825 pernecess'aria,
1474 1752 1706 1822 plausum

97 1832 269 1886 tulere.
349 1834 538 1886 verum
577 1832 780 1887 laudem
809 1832 1103 1904 praeripuere
1138 1829 1375 1883 omnibus
1399 1825 1535 1881 Acfis
1553 1828 1705 1901 Mag-

94 1913 273 1961 neticae
308 1908 559 1962 Authores
590 1948 604 1969 .
640 1927 751 1980 quae
778 1914 964 1961 virtute
1006 1905 1146 1958 insita
1183 1943 1199 1967 ‚
1238 1911 1364 1977 quin
1399 1920 1511 1977 agat
1546 1908 1600 1958 in
1623 1908 1712 1959 di.»

91 1986 223 2039 stans
265 2021 280 2043 ,
325 1985 388 2045 ξε
466 1986 671 2056 Semper
697 1983 762 2039 ad
790 1985 977 2047 stellam
1003 1984 1226 2055 polarern
1256 1983 1304 2035 se
1328 1985 1572 2035 convertit
1603 2017 1622 2042 ,
1647 1988 1709 2037 δε

86 2062 193 2136 μὰς
216 2060 392 2133 diligit
415 2058 636 2115 omnibus
673 2080 846 2116 unam.
922 2064 1044 2116 Haec
1066 2075 1334 2115 nautarum
1366 2056 1475 2111 dux
1496 2064 1550 2112 δε
1580 2057 1709 2111 Ma·-

92 2139 242 2213 gistra
278 2139 347 2191 est
382 2174 397 2197 ‚
435 2155 539 2208 quo
579 2143 630 2190 in
658 2140 859 2193 climate
892 2137 1145 2192 versentur
1180 2159 1206 2203 ,·
1243 2135 1349 2209 quo
1384 2133 1552 2189 cursus
1580 2133 1701 2189 diri·

94 2213 288 2291 gendus
313 2234 336 2279 ;
373 2231 484 2287 quae
511 2213 640 2272 vada
672 2254 689 2282 ‚
720 2222 772 2272 &.
803 2214 950 2286 syrtes
988 2215 1218 2288 vitanda-‘9
1294 2215 1407 2274 Hac
1440 2211 1568 2268 nihil
1601 2229 1699 2265 un.

842 2292 897 2348 N
1533 2305 1692 2361 quam
