1888 2584
206 43 274 104 98
535 87 538 90 .
823 37 949 103 effi(
980 44 1035 98 ›1‹
1071 38 1193 103 l&

202 165 357 236 quam
382 161 618 217 humanis
643 162 983 233 excogitatum
1004 158 1184 213 artibus
1205 198 1217 220 ‚
1261 158 1491 215 humano
1504 163 1677 234 generi
1704 157 1817 223 ma-

204 237 280 314 gis
318 240 521 311 profuit,
600 240 760 303 Hujus
799 235 1117 294 adminiculo
1154 234 1275 289 fides
1300 237 1363 291 ad
1402 251 1649 292 extremas
1675 253 1815 291 terrae

204 334 314 369 oras
358 315 569 369 feliciter
631 316 865 386 migravit
914 349 928 376 ,
967 318 1023 366 δε
1073 312 1249 367 nostrae
1299 312 1429 367 fiunt
1480 312 1612 367 orbis
1660 314 1811 368 alieni

208 409 341 461 opeS.

307 466 309 469 ’
378 466 677 518 Amantium
706 468 833 517 inter
863 464 909 517 se
924 464 1084 520 studia
1099 483 1204 520 non
1227 463 1442 519 tendunt
1466 468 1517 519 in
1543 463 1814 521 diversum'

207 539 280 593 Ut
297 539 431 596 idem
467 546 692 612 protinus
719 556 856 594 amet
890 556 1102 613 uterque
1130 579 1146 602 ‚
1176 543 1281 595 satis
1308 544 1376 596 est
1412 559 1554 594 amor
1597 543 1810 595 alterius·

204 616 362 689 Rapit
388 618 609 670 isfecum
635 622 784 670 amici
826 623 1057 671 animum
1098 627 1151 673 δι
1189 634 1302 671 vota
1331 654 1345 677 ‚
1386 635 1690 687 quocunque
1717 618 1822 670 fer-

206 707 304 746 tur.
386 694 546 747 Amor
570 698 763 746 animos
789 711 892 746 non
929 694 1124 746 tantum
1151 699 1275 746 inter
1301 695 1344 745 se
1367 698 1555 767 jungit,
1598 693 1680 746 sed
1706 691 1817 744 eof-

209 767 330 822 dem
355 769 472 822 facit
511 790 533 830 ,-
573 775 636 821 ita
662 785 715 821 ut
742 788 840 822 nee
876 770 1051 841 poffint
1078 771 1208 824 velle
1239 775 1485 822 contraria
1509 808 1522 830 ,
1562 775 1615 823 δέ
1643 784 1815 821 tamen

210 861 397 897 amare.
476 847 548 897 Ut
593 850 739 897 unica
781 846 1006 898 voluntas
1048 845 1078 896 52
1121 847 1169 898 se
1203 844 1374 897 divelli
1405 862 1507 896 non
1535 845 1689 916 potest
1714 882 1728 902 ,
1761 851 1815 898 δε

213 935 388 973 tamen
435 938 606 973 amare
652 957 666 980 ‚
718 926 784 973 ita
843 939 940 973 nee
1002 925 1283 973 amantium
1325 916 1526 972 affeilus
1585 919 1817 974 diffidere

206 997 370 1067 'potest
399 1033 414 1055 ,
453 1001 572 1066 quia
596 1013 726 1047 unus
755 1034 768 1057 ,
805 1001 922 1065 quia
948 995 1086 1050 idem
1110 998 1193 1050 est.
1277 996 1442 1066 Atque
1479 994 1562 1048 hie
1597 996 1820 1063 duleiffif

210 1090 326 1125 mus
369 1076 552 1124 amoris
597 1071 786 1124 fruEkus
825 1071 896 1124 est
932 1109 946 1134 ,
994 1070 1129 1126 idem
1173 1070 1304 1126 velle
1347 1107 1363 1131 ,
1428 1070 1565 1124 idem
1629 1089 1813 1124 amare.

207 1145 352 1214 Quid
398 1145 516 1199 verb
556 1166 741 1199 mutuo
791 1164 965 1200 amore
1017 1147 1334 1214 conjuncltius
1361 1185 1374 1205 ,
1415 1145 1822 1216 quimJESUS

209 1231 264 1278 &
306 1232 642 1280 MARIM?
681 1224 976 1276 Societatem
1002 1227 1188 1277 amavit
1233 1222 1452 1285 JESUS
1476 1242 1500 1283 ,·
1536 1231 1587 1277 δε
1628 1229 1818 1293 amavit

211 1299 469 1353 MARM.
549 1302 685 1353 Huic
717 1302 902 1363 JEsus
941 1300 989 1352 se
1028 1304 1298 1370 propitium
1317 1298 1450 1358 fore,
1478 1297 1763 1368 adpromisit
1792 1318 1821 1361 ,-

213 1392 315 1429 erat
344 1379 550 1446 propitia
577 1383 628 1429 δε
665 1376 926 1428 ΜΑΜΛ,
1004 1376 1365 1430 Felixsoeietas
1403 1367 1415 1428 l
1454 1376 1510 1426 In
1540 1392 1694 1445 quam
1715 1389 1821 1427 tam

209 1450 368 1505 dulcis
394 1456 678 1503 certaminis
705 1452 890 1504 fruetus
927 1451 1177 1506 redundat
1219 1474 1231 1504 ε
1268 1455 1349 1503 eui
1375 1466 1427 1502 ut
1454 1450 1772 1503 benefaciant
1800 1488 1815 1512 ,

212 1542 406 1580 certant
437 1533 609 1592 JEsus
646 1534 700 1580 ὅ(
736 1530 988 1580 MARIA.
1068 1529 1134 1580 At
1168 1531 1310 1582 enim
1351 1525 1572 1580 necdum
1615 1525 1722 1580 satis
1754 1527 1821 1579 de

213 1603 402 1657 MARi
422 1620 456 1653 A
497 1603 615 1656 dixi.
690 1604 900 1669 Socjetas
926 1609 1075 1669 JEsu
1105 1641 1119 1664 ‚
1161 1618 1347 1673 quanta
1371 1618 1560 1675 quanta
1584 1604 1654 1656 est
1679 1640 1692 1664 ‚
1723 1605 1818 1656 Be-

212 1680 454 1733 neficium
484 1680 551 1732 est
577 1680 825 1732 MAR1AE
860 1700 885 1743 ,-
931 1684 1047 1751 quia
1078 1681 1335 1735 MAR1AE
1362 1679 1508 1734 debet
1531 1681 1782 1751 Ignatium
1803 1713 1819 1738 ,

214 1763 268 1812 δε
297 1761 349 1808 in
384 1759 576 1828 Ignatio
604 1755 651 1807 se
679 1772 852 1809 rozam.
932 1757 1154 1810 Materni
1188 1756 1239 1809 hi
1275 1774 1472 1809 amores
1517 1756 1818 1809 stanislaum

213 1850 318 1886 non
354 1832 537 1884 latuere
568 1870 582 1893 ,
621 1837 708 1902 qui
745 1833 868 1886 nihil
899 1835 1025 1903 prius
1053 1832 1223 1885 habuit
1255 1869 1270 1893 ‚
1309 1829 1461 1904 quam
1501 1846 1554 1884 ut
1585 1837 1818 1885 animum

214 1908 448 1962 indueret
488 1907 590 1960 filii.
674 1908 788 1960 8010
825 1911 1002 1963 Matris
1046 1914 1256 1962 nomine
1301 1910 1600 1963 Mamm
1640 1907 1821 1965 solebat

214 1986 459 2056 appellare
490 2021 503 2043 ,
543 1981 697 2054 idque
724 2000 823 2036 tam
854 1986 1060 2038 suaviter
1084 2021 1097 2044 ‚
1126 2000 1179 2036 ut
1204 1986 1285 2038 ille
1311 2003 1412 2038 non
1430 1991 1611 2039 virtute
1638 1985 1820 2041 minuS,

215 2060 372 2133 quam
417 2060 610 2112 scientia.
638 2061 1050 2130 praestantiffimus
1087 2060 1407 2134 Theologu5‚
1431 2060 1728 2117 Emmanuel
1763 2055 1822 2109 δὲ

218 2136 490 2207 aliquando
517 2135 909 2190 admirabundus
938 2137 1116 2191 dixerit
1147 2176 1160 2198 ‚
1199 2156 1378 2191 vocem
1439 2137 1571 2190 hanc
1628 2151 1821 2205 nequa-

218 2231 374 2285 quam
408 2212 495 2267 fibi
533 2211 753 2268 hominis
793 2214 943 2269 visam
982 2211 1144 2278 fuisse,
1179 2213 1327 2273 Certe
1364 2218 1490 2270 mira
1515 2208 1720 2284 {emper
1772 2215 1826 2262 in

789 2288 794 2291 ’
1682 2290 1824 2343 vultu
