1888 2584
126 97 225 145 124
769 76 890 142 ⁶235(
923 83 980 139 »Β
1014 76 1134 145 >3220

119 198 326 276 quando
350 215 486 252 error
510 196 578 251 est
606 194 705 249 fine
733 198 957 252 remedio
983 217 1001 269 3
1053 210 1102 257 δε
1130 198 1279 272 poen'a
1327 196 1620 268 subsequens
1636 199 1739 255 sine

118 282 235 334 fine.
316 281 384 331 Ut
408 275 564 328 diseas
589 274 721 327 bene
762 281 891 328 mori
926 316 939 338 ,
974 276 1439 348 exemploStanisiai
1463 276 1597 329 disee
1617 297 1732 330 mo-

117 364 158 412 ti
186 358 214 409 εὶ
248 372 422 408 morte.
505 351 642 403 Mors
674 353 856 423 separat
893 358 1121 407 animam
1163 352 1188 405 ὲ
1219 370 1427 424 corpore
1458 374 1469 404 ι
1517 359 1568 406 &
1619 354 1736 406 licet

118 451 284 488 amara
328 430 380 482 fit
407 470 421 492 ,
458 427 753 481 violenciam
801 443 970 481 tamen
1000 433 1178 483 inferre
1208 448 1309 482 non
1342 431 1494 498 potest
1522 466 1536 487 ,
1579 447 1733 499 quam

118 508 424 563 suavissimus
471 508 612 559 DEus
653 503 816 576 saepit'rs
856 511 1030 559 creatis
1078 508 1239 566 infert,
1293 508 1350 562 3¹58
1390 505 1649 576 Separabat
1679 515 1732 561 δε

115 586 504 638 STANstAus
530 621 544 644 ‚
583 588 666 651 qui
693 587 888 651 corpori
914 622 927 642 ‚
968 587 1050 635 cui
1081 582 1350 635 necessario
1378 597 1561 634 naturae
1593 600 1736 635 nexu

110 662 409 725 conjunekus
436 660 527 711 suit
562 698 575 720 ‚
611 659 752 710 nullo
783 659 956 711 vitioso
995 658 1274 712 adhaerebat
1319 656 1514 710 affce‘ku.
1595 661 1735 712 Hinc

115 754 346 791 mortuus
384 738 453 790 est
497 734 593 786 fine
630 736 816 787 tristitia
856 774 869 795 ,
907 740 1022 804 quia
1063 739 1184 788 vixit
1221 733 1323 786 fine
1368 732 1646 785 adhaefione
1672 734 1737 788 ad

113 832 376 867 creaturas,
468 814 703 863 Mortuus
735 812 804 865 est
831 811 931 864 fine
956 811 1131 865 dolore
1158 849 1173 871 ‚
1214 816 1328 881 quia
1356 814 1477 861 vixit
1507 809 1609 861 fine
1643 810 1734 862 de-

111 892 398 944 leetatione.
478 889 717 940 Mortuus
759 887 829 940 est
869 886 972 939 fine
1009 892 1190 940 timore
1235 924 1249 946 ,
1297 890 1414 956 quia
1461 890 1583 937 vixit
1634 885 1738 939 fine

115 981 336 1038 peccato,
409 962 706 1026 Jucundum
736 963 806 1015 est
835 967 965 1014 mori
994 963 1084 1015 illis
1111 1000 1127 1022 ,
1164 977 1289 1030 quos
1316 966 1484 1012 vivere
1509 978 1613 1012 non
1642 961 1732 1013 de-

114 1046 271 1098 lcetat.
359 1042 545 1091 Anima
585 1036 687 1088 fine
726 1037 905 1088 dolore
943 1041 1130 1109 migrat
1163 1037 1192 1088 ἐ
1229 1036 1491 1089 domicilio
1539 1076 1553 1097 ,
1590 1036 1731 1107 quod

115 1134 380 1188 nunquam
410 1112 622 1166 libenter
647 1112 869 1165 incoluit.
949 1111 1269 1184 Acceptabile
1290 1112 1359 1165 est
1384 1111 1652 1165 divortium
1675 1116 1736 1165 il-

115 1197 172 1249 lis
199 1232 213 1255 ,
244 1197 330 1264 qui
371 1190 417 1242 se
461 1189 644 1243 mutu&
679 1206 784 1240 non
825 1186 1057 1261 diligunt.
1139 1190 1285 1242 Mors
1336 1188 1513 1241 adimit
1552 1196 1736 1242 omnia

116 1272 329 1325 fortunae
368 1266 517 1319 bona.
609 1265 665 1317 Id
708 1282 772 1316 ne
814 1263 914 1316 sine
949 1266 1127 1336 questu
1164 1262 1410 1316 accideret
1447 1303 1460 1325 ‚
1515 1281 1735 1317 mortem

116 1363 343 1417 tempore
378 1339 756 1414 praeoccupabat
803 1341 1062 1394 Stanislaus
1100 1365 1113 1394 :
1154 1338 1411 1395 dividebat
1440 1358 1559 1393 cum
1597 1340 1734 1392 indi..

117 1420 697 1497 gentibus‚&thesauros
713 1417 1036 1487 praemittebat
1078 1422 1129 1469 in
1163 1418 1353 1471 coelum
1384 1456 1398 1478 ,
1437 1416 1521 1468 ubi
1556 1434 1735 1487 perpe-

119 1500 200 1552 tus}
230 1515 404 1549 eorum
438 1495 579 1546 usurii
602 1509 702 1546 erat
728 1494 982 1546 fruiturus,
1062 1503 1194 1547 Mors
1208 1498 1314 1546 vitae
1338 1501 1390 1547 δε
1417 1497 1579 1565 gratiae
1605 1510 1734 1546 tem-

117 1594 204 1647 pus
232 1572 431 1625 claudit.
512 1569 746 1624 Certabat
780 1589 896 1623 cum
925 1569 1229 1623 velociffimo
1253 1570 1514 1621 Stanisiaus
1537 1591 1562 1632 ,-
1592 1569 1727 1636 quod

119 1651 278 1704 fistere
304 1666 407 1699 non
437 1664 623 1717 poterat
658 1682 673 1705 ,
712 1646 924 1698 incursu
964 1649 1302 1715 intercipiebat
1330 1661 1543 1715 tempus.
1581 1646 1733 1697 Usur·

116 1726 260 1800 pabat
283 1724 348 1778 de
376 1726 459 1776 illo
488 1761 503 1784 ‚
543 1721 786 1793 quidquid
803 1721 1086 1778 concessum
1105 1739 1235 1775 erat:
1276 1719 1568 1792 transigebat
1588 1720 1726 1774 diem

116 1819 331 1855 ornnem
393 1817 446 1852 ut
498 1802 778 1867 uI-timam3
828 1797 1007 1851 horam
1060 1817 1308 1860 omnem,
1348 1813 1400 1849 ut
1429 1801 1733 1867 supremam.

115 1880 191 1939 Sic
222 1878 351 1932 disce
392 1882 535 1929 mori.
616 1878 894 1950 Negotium
934 1873 1061 1929 istud
1100 1883 1415 1948 negotiorum
1454 1874 1733 1936 summurn,

305 1956 468 2008 Lucra
496 1958 548 2007 in
574 1969 636 2006 eo
657 1991 676 2017 ‚
733 1949 1023 2025 damnaque
1058 1967 1321 2005 vertuntur
1362 1967 1562 2004 aeterna.

1506 2348 1726 2403 XXXII.
