1888 2584
112 66 204 118 ⁸¹54
796 53 912 121 02³3(
953 60 1006 117 »Ἠ
1038 55 1155 122 Q&

109 173 147 230 ὅ
175 176 376 248 pumici-e
409 169 647 247 produxit
698 199 711 232 ε
747 176 1287 252 thaumaturga3ct¹1m
1327 192 1556 234 naturam
1594 197 1711 235 mo.

101 256 178 307 vit
203 291 218 316 ‚
241 267 292 304 ut
339 267 440 304 tota
491 252 790 307 condiendis
846 254 1059 307 altilibus
1085 256 1398 309 ancillaretur
1424 277 1439 306 :
1472 255 1710 311 thauma-

103 344 242 402 nuga
268 349 292 390 ,-
331 326 444 380 cum
470 327 632 382 hostes
657 328 832 393 dejecit
862 369 874 391 ‚
901 329 1111 401 quando
1133 337 1183 383 in
1211 349 1388 384 monte
1413 332 1568 392 fixus,
1597 352 1709 385 ma-

105 423 234 458 num
272 404 410 456 suam
448 403 511 457 ad
552 406 760 459 DEUM
795 413 965 461 erexit.
1041 409 1275 476 Stupuere
1325 408 1453 460 hanc
1495 427 1709 463 manum

105 482 362 554 AEgyptij:
395 486 448 533 δζ
488 481 713 551 Moysem
752 483 1022 536 Pharaonis
1068 486 1275 538 DEUM
1313 485 1562 537 dixerunt.
1644 487 1711 537 At

102 562 243 611 enim
272 556 433 626 Moysi
460 557 794 612 STAmsmuM
837 559 1039 628 praefero
1061 598 1075 619 ,
1107 561 1203 613 hoc
1237 563 1336 630 ipso
1365 599 1378 622 ,
1409 560 1545 630 quod
1582 559 1712 612 divi-

104 651 228 688 nam
265 637 504 687 virtutem
536 634 730 704 propius
758 637 1035 688 aemuletur.
1119 639 1231 691 DEI
1262 641 1480 707 potentia
1518 654 1621 689 non
1652 654 1714 689 ex

102 727 264 765 manu
309 746 324 768 ,
375 708 457 763 sed
493 728 556 762 ex
593 710 757 784 digitis
794 711 1198 767 commendatur.
1279 721 1525 765 Miramur
1552 751 1565 773 ,
1598 718 1714 782 quia

105 786 256 838 tribus
284 784 449 859 digitis
471 789 708 856 appendit
737 789 928 840 molem
956 803 1094 841 terrae
1122 811 1147 853 ,-
1182 791 1427 841 miramur
1456 827 1470 849 ,
1496 793 1616 859 quia
1658 793 1716 841 in

106 861 265 936 digito
290 866 420 925 ejicit
450 860 695 916 daemonia
733 881 751 931 3
784 870 1024 916 miramur
1046 902 1060 924 ‚
1086 870 1200 935 quia
1233 866 1352 916 luna
1387 872 1439 919 δε
1478 866 1622 918 stellae
1649 883 1709 915 0-

105 956 222 1011 peta
245 936 515 1009 digitorum
546 938 654 989 sunt
680 960 701 1000 ;
731 944 973 991 miramur
997 978 1011 1001 ‚
1044 946 1162 1010 quia
1188 946 1240 991 in
1269 958 1374 992 uno
1414 939 1568 1012 digito
1606 941 1711 992 sur-

109 1014 201 1076 di,
240 1019 367 1066 muti
411 1053 425 1074 ,
455 1022 506 1068 Sc
544 1018 660 1065 caeci
690 1028 844 1066 totam
876 1032 1085 1067 manum
1115 1015 1318 1067 sensdre.
1395 1018 1552 1070 Etiam
1582 1034 1713 1070 unus

108 1091 380 1144 StANisLm
395 1091 591 1162 Digitus
606 1090 752 1143 instar
768 1087 948 1144 maniis
973 1090 1080 1143 fuit.
1159 1087 1339 1143 Parum
1354 1090 1458 1144 dixi
1479 1105 1714 1147 :centum

109 1185 292 1222 manus
315 1168 574 1236 superavit.
650 1166 900 1220 Praedator
912 1170 1038 1241 ignis
1052 1166 1360 1221 Convidum
1374 1167 1714 1240 Dilinganum

108 1261 172 1298 ex
191 1241 646 1313 improvisoinvafit
669 1250 749 1304 ,&
767 1243 922 1317 spoliis
944 1244 1037 1296 suis
1061 1242 1192 1298 adeo
1214 1247 1436 1315 pertinax
1459 1242 1713 1303 incubuit,

116 1335 173 1375 ut
200 1319 378 1373 frustra
409 1320 522 1372 fusae
548 1337 746 1391 preces,
770 1330 823 1377 δι
872 1320 1041 1372 altiora
1082 1323 1207 1373 votis
1247 1319 1435 1373 suerint
1465 1318 1716 1382 incendia,

109 1394 352 1452 Tandem
396 1401 605 1449 extorris
641 1395 1033 1452 domesticorum
1079 1396 1208 1452 ordo
1237 1433 1255 1458 ‚
1291 1396 1500 1470 fuligine
1541 1412 1602 1449 ac
1632 1395 1710 1449 sa-

116 1474 234 1528 villa
260 1471 488 1526 sordidus
516 1511 527 1534 ‚
559 1472 622 1525 ad
652 1475 844 1528 Divum
864 1471 1162 1545 Indigenam
1188 1477 1401 1526 accurrit
1426 1511 1440 1535 ,
1482 1470 1720 1525 thaumass

117 1566 322 1622 turgum
349 1547 775 1623 aufferthgitum
803 1590 818 1613 ‚
856 1556 910 1605 δε
955 1551 1020 1604 ad
1068 1550 1238 1603 locum
1288 1547 1512 1614 incendij
1557 1546 1715 1601 affert.

122 1629 224 1682 Res
299 1630 425 1679 mira
499 1629 604 1679 visu
667 1620 681 1683 l
747 1631 846 1683 Vix
925 1628 1127 1700 Digitus
1201 1630 1374 1699 ignem
1469 1629 1627 1698 tetigit
1702 1639 1725 1692 3

126 1719 340 1756 avarum
413 1703 725 1758 elementum
793 1721 1004 1756 omnem
1078 1706 1351 1774 potentiam
1414 1702 1576 1755 amifit
1612 1740 1628 1763 ‚
1661 1710 1719 1758 &t

114 1781 215 1834 sola
249 1781 367 1851 fugai
411 1779 942 1843 contentum‚intasta
980 1780 1225 1850 reliquit,
1267 1796 1378 1849 quae
1420 1778 1577 1831 furori
1612 1782 1720 1846 jam

112 1854 394 1912 destinarat.
472 1859 670 1912 Latuisti
700 1854 1349 1918 haste1mS,Modestissime
1379 1859 1574 1922 juvenis
1611 1894 1624 1917 ‚
1662 1863 1719 1911 δι

115 1933 336 1988 mirabili
362 1934 650 1986 humilitatis
676 1951 767 1987 tuae
800 1939 980 1986 virtute
1005 1938 1209 1986 virtutes
1238 1950 1415 1985 omnes
1444 1930 1507 1983 fic
1523 1937 1723 2001 operui-

119 2012 177 2065 sti
207 2049 221 2072 ,
257 2027 308 2062 ut
334 2029 492 2064 nemo
519 2026 567 2063 te
605 2012 818 2084 Dilingae
858 2008 1027 2062 vixisse
1071 2008 1280 2061 {ensexin
1361 2011 1510 2062 Hanc
1547 2023 1721 2059 tamen

122 2105 279 2140 unan,
333 2126 347 2151 ,
385 2103 482 2158 qua
512 2104 706 2142 exteras
743 2092 864 2160 tegis
912 2122 928 2146 ,
972 2104 1238 2157 nunquam
1276 2099 1407 2157 teges
1442 2105 1467 2147 ;
1502 2089 1617 2155 quia
1650 2098 1721 2136 ex

122 2184 185 2219 eo
224 2169 324 2230 jam
363 2161 559 2218 dudum
608 2167 834 2234 plurimis
867 2161 1120 2235 gloriosior
1166 2164 1428 2232 apparuisti
1470 2197 1487 2221 ‚
1529 2157 1669 2232 quod
1705 2195 1722 2221 ,

123 2240 242 2320 gum
267 2243 370 2296 talis
390 2258 449 2295 ac
471 2255 639 2295 tantus
665 2240 784 2295 effes
807 2276 824 2304 ,
865 2257 973 2294 non
1004 2255 1233 2314 apparete
1269 2239 1494 2292 volueris.
1574 2236 1718 2367 ξω-

1639 2326 1727 2367 em
