1888 2584
705 15 823 86 ᾖε(
853 20 906 78 m
938 7 1061 90 ΕΞ(
1630 34 1697 85 27

85 141 273 214 objee'ta
323 143 519 216 sempet-
567 139 776 216 gravido
807 179 822 203 ,
870 149 924 197 δι
974 140 1166 212 {emper
1206 137 1450 196 foecundo
1482 138 1500 201 ζ
1543 146 1695 195 emir-

87 236 202 275 tunt
232 234 403 273 utero?
445 223 668 273 Excitant
712 219 881 272 oculos
911 217 1011 268 {ine
1052 236 1352 282 murmure5
1395 217 1611 271 refident
1648 225 1695 272 in

87 295 337 367 phantasia
365 296 464 348 fine
496 294 718 366 pondere
732 317 759 358 ;
797 308 1069 348 moventur
1095 298 1146 345 in
1173 294 1375 347 cerebro
1403 294 1505 346 sine
1525 297 1694 364 strepi-

86 389 165 426 tu:
205 378 351 426 etiam
384 373 596 443 reliquos
619 371 784 424 sensus
814 371 1044 442 prompte
1074 369 1404 438 adjuvarent,
1436 371 1696 424 necessum

87 449 120 501 fi
150 447 276 500 foret
314 445 378 506 {4
458 450 513 501 Et
538 464 705 500 tamen
733 464 858 520 quot
885 447 1092 517 probra,
1121 464 1241 518 quot
1265 448 1474 500 vulnera
1501 452 1700 517 patiun-

86 539 193 577 tur?
228 523 594 594 impelluntur}
623 530 783 576 ventis
808 561 824 584 ,
865 522 1149 576 obruuntur
1173 523 1200 574 a
1232 525 1440 593 pluvijs,
1470 541 1696 576 exurun-

83 618 162 653 tur
185 599 210 651 ὲ
237 602 332 652 sole
351 639 364 661 ,
386 599 766 652 inflammantur
799 598 860 651 ab
892 604 1021 672 igne.
1102 598 1156 653 ld
1192 599 1318 652 mihi
1350 602 1540 660 solam,
1567 607 1615 654 δε
1637 617 1696 651 u-

83 682 243 750 trique
273 673 494 729 nostrfim
527 678 763 748 exemplo
789 677 887 736 est,
911 674 1049 746 quod
1087 682 1214 727 inter
1255 675 1416 731 hostes
1443 675 1696 746 persistant

82 754 330 826 generosae
345 774 371 816 ,·
390 759 442 806 δε
482 752 594 804 laefis
635 757 868 825 integrae,
897 751 1222 805 morientibus
1258 752 1486 806 rediviva:
1505 792 1516 810 ‚
1534 755 1696 803 conti-

85 829 190 880 nuo
207 827 484 887 succedant,
505 828 637 879 M1h1·
662 828 828 888 crede,
857 827 1228 880 immedicabile
1259 829 1449 878 malum
1474 828 1543 880 est
1566 864 1579 885 ,
1601 843 1695 880 nee

82 902 368 956 remedium
403 908 582 971 patitur
608 904 777 977 lingua
810 901 1066 955 maledica.
1148 902 1247 954 Ubi
1280 920 1461 975 magna
1491 902 1559 956 est
1591 902 1693 957 stu-

81 978 284 1032 diorum
325 980 631 1049 iuaequalitas
659 1016 674 1037 ,
715 984 888 1052 ingens
931 979 984 1032 fit
1025 984 1350 1032 contrarietas
1390 978 1690 1040 affectuum,

77 1053 273 1108 necesse
302 1056 388 1109 est.
472 1058 586 1109 Vita
612 1054 748 1127 probi
780 1071 1012 1126 perpetua
1040 1056 1110 1108 est
1145 1054 1460 1124 exprobratio
1500 1059 1693 1125 impro-

77 1128 143 1184 bi.
185 1133 308 1184 Fieri
334 1150 455 1205 ergo
482 1147 586 1185 non
613 1132 793 1202 potest,
825 1145 908 1191 ut,
928 1130 1136 1185 sioderis
1166 1136 1283 1185 vitia
1306 1169 1320 1192 ,
1350 1147 1396 1182 te
1428 1148 1532 1182 non
1563 1129 1690 1183 ode.

79 1211 177 1257 rint
203 1207 378 1259 vitiofi.
464 1208 704 1260 Camelos
749 1211 1007 1259 imitantur
1030 1247 1042 1268 ,
1066 1211 1151 1278 qui
1193 1225 1381 1278 aquam
1419 1205 1688 1277 limpidam

78 1282 367 1335 &illimem
411 1280 613 1352 pedibus
652 1281 851 1335 turbant
876 1319 890 1342 ,
927 1281 1193 1353 lutt'tmque
1233 1298 1594 1344 commovent,
1622 1301 1690 1336 ne

78 1358 215 1410 suam
251 1362 303 1409 in
338 1375 392 1409 ea
417 1358 790 1420 deformitatem
818 1375 1062 1430 cogantur
1091 1364 1287 1411 intueri.
1368 1359 1530 1420 Abfit,
1558 1359 1690 1412 Pila-

77 1447 186 1485 tum
206 1432 410 1485 imitere.
447 1434 618 1486 Suetus
646 1434 729 1485 hic
753 1434 1033 1495 attendere,
1064 1453 1172 1507 quae
1204 1436 1455 1505 placerent
1481 1437 1691 1505 popum,

76 1527 179 1560 non
209 1527 316 1577 quae
336 1510 570 1562 decerent
594 1509 1107 1582 praefidem,facilirate
1132 1509 1320 1564 crudeli
1347 1510 1682 1582 semetipsum,

76 1591 128 1638 δε
158 1585 363 1638 DEUM
399 1585 627 1655 perdidit.
711 1586 897 1640 Cautus
943 1603 995 1638 ut
1020 1604 1153 1648 erat,
1192 1607 1249 1640 ac
1276 1587 1416 1639 solers
1450 1624 1468 1648 ,
1508 1602 1684 1640 tamen

78 1677 172 1710 nec
199 1661 294 1732 ipse
317 1659 515 1715 duobus
541 1663 717 1716 servire
742 1663 961 1716 dominis
997 1670 1169 1734 potuit.
1249 1665 1306 1715 In
1341 1681 1403 1715 eo
1431 1668 1577 1717 venia
1603 1663 1682 1716 di.

77 1753 205 1809 gnus
230 1754 333 1789 non
364 1739 434 1793 est
452 1776 465 1798 ,
491 1738 628 1809 quod
654 1738 953 1794 deteriorem
986 1746 1245 1800 reveritus,
1275 1741 1533 1792 meliorem
1556 1757 1682 1793 con-

79 1814 341 1883 tempserit.
421 1816 628 1868 Putabat
666 1814 870 1886 quidem
914 1816 1562 1887 imprudens‚contra&3m
1606 1818 1680 1868 la-

79 1887 194 1942 bem
224 1891 348 1958 aqua
374 1890 505 1962 poffe
530 1893 645 1945 elui.
699 1892 795 1945 Sed
832 1899 1007 1944 erravit
1048 1894 1208 1952 miser,
1261 1895 1522 1960 Experitur
1560 1910 1678 1945 mo-

77 1963 171 2025 do,
204 1970 350 2016 etiam
379 1983 562 2021 aeterno
592 1975 706 2040 igne
735 1986 999 2039 nunquam
1019 1968 1121 2021 satis
1146 1972 1356 2040 purgari.
1436 1968 1586 2022 Certe
1602 1967 1676 2021 di-

78 2040 281 2110 splicere
309 2044 451 2096 DEO
478 2062 540 2095 ex
577 2059 714 2096 metu
743 2043 1033 2114 displicendi
1074 2044 1400 2107 hominibus;
1443 2054 1678 2098 omittere

76 2116 271 2170 bonurn
305 2137 366 2171 ex
398 2126 579 2172 timore
624 2121 962 2191 perversorum
991 2143 1016 2186 ;
1054 2121 1280 2176 Credere
1305 2126 1354 2175 in
1383 2121 1676 2191 JESUM,

74 2201 129 2246 &
157 2194 441 2248 erubescere
463 2202 564 2263 ejus
589 2198 951 2269 Evangelium3
979 2199 1049 2253 est
1087 2197 1184 2252 effe
1211 2201 1566 2265 apostatam&
1594 2201 1676 2248 in..

79 2268 298 2326 fidelem.
380 2275 581 2328 Lattent
606 2272 861 2329 mordaces
901 2275 1124 2338 cerberi,
1151 2275 1400 2350 quantum
1425 2273 1588 2333 lubet,
1617 2280 1672 2328 δε

809 2351 861 2404 Ι)
905 2371 935 2402 2.
1493 2350 1667 2405 calum
