<?xml version="1.0" encoding="UTF-8"?>
<!DOCTYPE html PUBLIC "-//W3C//DTD XHTML 1.0 Transitional//EN"
    "http://www.w3.org/TR/xhtml1/DTD/xhtml1-transitional.dtd">
<html xmlns="http://www.w3.org/1999/xhtml" xml:lang="en" lang="en">
 <head>
  <title>
</title>
<meta http-equiv="Content-Type" content="text/html;charset=utf-8" />
  <meta name='ocr-system' content='tesseract 3.04.00' />
  <meta name='ocr-capabilities' content='ocr_page ocr_carea ocr_par ocr_line ocrx_word'/>
</head>
<body>
  <div class='ocr_page' id='page_1' title='image "./philosophiasacra00zetl_0153.png"; bbox 0 0 1888 2584; ppageno 0'>
   <div class='ocr_carea' id='block_1_1' title="bbox 691 62 1752 131">
    <p class='ocr_par' dir='ltr' id='par_1_1' title="bbox 691 62 1752 131">
     <span class='ocr_line' id='line_1_1' title="bbox 691 62 1752 131; baseline -0.007 0"><span class='ocrx_word' id='word_1_1' title='bbox 691 66 818 131; x_wconf 47' lang='lat' dir='ltr'>&amp;gt</span> <span class='ocrx_word' id='word_1_2' title='bbox 863 67 917 126; x_wconf 65' lang='lat' dir='ltr'>»F</span> <span class='ocrx_word' id='word_1_3' title='bbox 971 62 1100 131; x_wconf 55' lang='lat'>&gt;353⁹</span> <span class='ocrx_word' id='word_1_4' title='bbox 1692 78 1752 124; x_wconf 80' lang='lat'>91</span> 
     </span>
    </p>
   </div>
   <div class='ocr_carea' id='block_1_2' title="bbox 107 184 1752 2398">
    <p class='ocr_par' dir='ltr' id='par_1_2' title="bbox 140 184 1752 641">
     <span class='ocr_line' id='line_1_2' title="bbox 151 184 1752 263; baseline -0.003 -21"><span class='ocrx_word' id='word_1_5' title='bbox 151 191 319 263; x_wconf 80' lang='lat' dir='ltr'>potest.</span> <span class='ocrx_word' id='word_1_6' title='bbox 400 191 697 247; x_wconf 83' lang='lat' dir='ltr'>Etiamcoci</span> <span class='ocrx_word' id='word_1_7' title='bbox 723 203 902 240; x_wconf 86' lang='lat' dir='ltr'>nutum</span> <span class='ocrx_word' id='word_1_8' title='bbox 921 184 1530 258; x_wconf 57' lang='lat' dir='ltr'>exhauritcaecss‘sapi‘entifi</span> <span class='ocrx_word' id='word_1_9' title='bbox 1553 226 1564 248; x_wconf 89' lang='lat'>,</span> <span class='ocrx_word' id='word_1_10' title='bbox 1596 190 1752 258; x_wconf 75' lang='lat' dir='ltr'>quam&#39;</span> 
     </span>
     <span class='ocr_line' id='line_1_3' title="bbox 152 264 1747 337; baseline -0.003 -16"><span class='ocrx_word' id='word_1_11' title='bbox 152 269 328 322; x_wconf 84' lang='lat' dir='ltr'>sciebat</span> <span class='ocrx_word' id='word_1_12' title='bbox 356 268 603 319; x_wconf 54' lang='lat' dir='ltr'>oculatam</span> <span class='ocrx_word' id='word_1_13' title='bbox 637 266 792 317; x_wconf 75' lang='lat' dir='ltr'>DEO.</span> <span class='ocrx_word' id='word_1_14' title='bbox 876 268 1010 318; x_wconf 76' lang='lat' dir='ltr'>Hinc</span> <span class='ocrx_word' id='word_1_15' title='bbox 1035 268 1294 335; x_wconf 74' lang='lat' dir='ltr'>Aquaviva</span> <span class='ocrx_word' id='word_1_16' title='bbox 1321 264 1522 315; x_wconf 75' lang='lat' dir='ltr'>demere</span> <span class='ocrx_word' id='word_1_17' title='bbox 1554 272 1747 337; x_wconf 68' lang='lat' dir='ltr'>cogitur</span> 
     </span>
     <span class='ocr_line' id='line_1_4' title="bbox 146 339 1744 418; baseline -0.002 -21"><span class='ocrx_word' id='word_1_18' title='bbox 146 347 283 418; x_wconf 83' lang='lat' dir='ltr'>ligna</span> <span class='ocrx_word' id='word_1_19' title='bbox 312 383 324 404; x_wconf 91' lang='lat'>,</span> <span class='ocrx_word' id='word_1_20' title='bbox 347 360 454 413; x_wconf 81' lang='lat' dir='ltr'>quae</span> <span class='ocrx_word' id='word_1_21' title='bbox 485 358 754 393; x_wconf 86' lang='lat' dir='ltr'>numerum</span> <span class='ocrx_word' id='word_1_22' title='bbox 795 340 1047 410; x_wconf 82' lang='lat' dir='ltr'>superant,</span> <span class='ocrx_word' id='word_1_23' title='bbox 1074 358 1228 411; x_wconf 85' lang='lat' dir='ltr'>quem</span> <span class='ocrx_word' id='word_1_24' title='bbox 1265 339 1465 412; x_wconf 76' lang='lat' dir='ltr'>singulis</span> <span class='ocrx_word' id='word_1_25' title='bbox 1493 339 1744 394; x_wconf 66' lang='lat' dir='ltr'>itineribus</span> 
     </span>
     <span class='ocr_line' id='line_1_5' title="bbox 146 416 1740 486; baseline -0.003 -14"><span class='ocrx_word' id='word_1_26' title='bbox 146 434 497 472; x_wconf 84' lang='lat' dir='ltr'>numeraverat</span> <span class='ocrx_word' id='word_1_27' title='bbox 536 434 698 474; x_wconf 88' lang='lat' dir='ltr'>cocus.</span> <span class='ocrx_word' id='word_1_28' title='bbox 778 418 915 469; x_wconf 82' lang='lat' dir='ltr'>Paret</span> <span class='ocrx_word' id='word_1_29' title='bbox 954 416 1108 469; x_wconf 84' lang='lat' dir='ltr'>libens</span> <span class='ocrx_word' id='word_1_30' title='bbox 1138 456 1150 479; x_wconf 91' lang='lat'>,</span> <span class='ocrx_word' id='word_1_31' title='bbox 1187 421 1272 486; x_wconf 91' lang='lat' dir='ltr'>qui</span> <span class='ocrx_word' id='word_1_32' title='bbox 1311 416 1590 486; x_wconf 71' lang='lat' dir='ltr'>praepositus</span> <span class='ocrx_word' id='word_1_33' title='bbox 1637 431 1740 470; x_wconf 75' lang='lat' dir='ltr'>erat</span> 
     </span>
     <span class='ocr_line' id='line_1_6' title="bbox 142 490 1737 564; baseline -0.006 -15"><span class='ocrx_word' id='word_1_34' title='bbox 142 495 384 549; x_wconf 81' lang='lat' dir='ltr'>Claudius</span> <span class='ocrx_word' id='word_1_35' title='bbox 402 515 422 552; x_wconf 71' lang='lat'>,⁴</span> <span class='ocrx_word' id='word_1_36' title='bbox 438 502 488 549; x_wconf 70' lang='grc' dir='ltr'>δε</span> <span class='ocrx_word' id='word_1_37' title='bbox 511 512 664 564; x_wconf 84' lang='lat' dir='ltr'>quem</span> <span class='ocrx_word' id='word_1_38' title='bbox 695 490 721 544; x_wconf 73' lang='grc' dir='ltr'>ὲ</span> <span class='ocrx_word' id='word_1_39' title='bbox 747 490 992 563; x_wconf 78' lang='lat' dir='ltr'>superiore</span> <span class='ocrx_word' id='word_1_40' title='bbox 1027 509 1278 564; x_wconf 81' lang='lat' dir='ltr'>acceperat</span> <span class='ocrx_word' id='word_1_41' title='bbox 1315 494 1609 564; x_wconf 80' lang='lat' dir='ltr'>discipulum</span> <span class='ocrx_word' id='word_1_42' title='bbox 1628 533 1640 554; x_wconf 91' lang='lat'><em>,</em></span> <span class='ocrx_word' id='word_1_43' title='bbox 1659 513 1737 545; x_wconf 62' lang='lat' dir='ltr'>re.</span> 
     </span>
     <span class='ocr_line' id='line_1_7' title="bbox 140 571 944 641; baseline -0.004 -16"><span class='ocrx_word' id='word_1_44' title='bbox 140 572 290 625; x_wconf 83' lang='lat' dir='ltr'>stituit</span> <span class='ocrx_word' id='word_1_45' title='bbox 317 572 614 624; x_wconf 69' lang='lat' dir='ltr'>obedientiae</span> <span class='ocrx_word' id='word_1_46' title='bbox 629 571 944 641; x_wconf 77' lang='lat' dir='ltr'>Magistrum.</span> 
     </span>
    </p>

    <p class='ocr_par' dir='ltr' id='par_1_3' title="bbox 107 639 1736 2321">
     <span class='ocr_line' id='line_1_8' title="bbox 308 639 1736 716; baseline -0.001 -17"><span class='ocrx_word' id='word_1_47' title='bbox 308 647 386 699; x_wconf 82' lang='lat' dir='ltr'>Ah</span> <span class='ocrx_word' id='word_1_48' title='bbox 413 684 427 706; x_wconf 89' lang='lat'>,</span> <span class='ocrx_word' id='word_1_49' title='bbox 465 665 619 716; x_wconf 79' lang='lat' dir='ltr'>quam</span> <span class='ocrx_word' id='word_1_50' title='bbox 643 645 708 700; x_wconf 86' lang='lat' dir='ltr'>de</span> <span class='ocrx_word' id='word_1_51' title='bbox 724 651 941 698; x_wconf 87' lang='lat' dir='ltr'>minimo</span> <span class='ocrx_word' id='word_1_52' title='bbox 972 648 1148 716; x_wconf 83' lang='lat' dir='ltr'>perivit</span> <span class='ocrx_word' id='word_1_53' title='bbox 1166 643 1415 707; x_wconf 83' lang='lat' dir='ltr'>Adamus,</span> <span class='ocrx_word' id='word_1_54' title='bbox 1443 639 1736 703; x_wconf 70' lang='lat' dir='ltr'>Timothee!</span> 
     </span>
     <span class='ocr_line' id='line_1_9' title="bbox 135 714 1736 796; baseline 0.001 -22"><span class='ocrx_word' id='word_1_55' title='bbox 135 727 403 796; x_wconf 77' lang='lat' dir='ltr'>Qantum</span> <span class='ocrx_word' id='word_1_56' title='bbox 424 724 615 777; x_wconf 83' lang='lat' dir='ltr'>malum</span> <span class='ocrx_word' id='word_1_57' title='bbox 631 723 793 774; x_wconf 86' lang='lat' dir='ltr'>attulit</span> <span class='ocrx_word' id='word_1_58' title='bbox 824 725 981 775; x_wconf 84' lang='lat' dir='ltr'>malus</span> <span class='ocrx_word' id='word_1_59' title='bbox 1009 714 1021 776; x_wconf 77' lang='lat' dir='ltr'>l</span> <span class='ocrx_word' id='word_1_60' title='bbox 1050 722 1202 773; x_wconf 83' lang='lat' dir='ltr'>Parva</span> <span class='ocrx_word' id='word_1_61' title='bbox 1241 723 1350 774; x_wconf 87' lang='lat' dir='ltr'>sunt</span> <span class='ocrx_word' id='word_1_62' title='bbox 1372 722 1514 775; x_wconf 84' lang='lat' dir='ltr'>rebus</span> <span class='ocrx_word' id='word_1_63' title='bbox 1543 727 1681 776; x_wconf 84' lang='lat' dir='ltr'>initia</span> <span class='ocrx_word' id='word_1_64' title='bbox 1706 744 1736 787; x_wconf 81' lang='lat'>,-</span> 
     </span>
     <span class='ocr_line' id='line_1_10' title="bbox 135 797 1736 870; baseline 0.001 -18"><span class='ocrx_word' id='word_1_65' title='bbox 135 797 557 852; x_wconf 74' lang='lat' dir='ltr'>finisimmodicus</span> <span class='ocrx_word' id='word_1_66' title='bbox 571 799 656 852; x_wconf 87' lang='lat' dir='ltr'>est.</span> <span class='ocrx_word' id='word_1_67' title='bbox 738 801 783 850; x_wconf 88' lang='lat' dir='ltr'>A</span> <span class='ocrx_word' id='word_1_68' title='bbox 812 802 1035 851; x_wconf 81' lang='lat' dir='ltr'>minimis</span> <span class='ocrx_word' id='word_1_69' title='bbox 1061 799 1130 851; x_wconf 87' lang='lat' dir='ltr'>est</span> <span class='ocrx_word' id='word_1_70' title='bbox 1158 798 1424 852; x_wconf 84' lang='lat' dir='ltr'>exordium</span> <span class='ocrx_word' id='word_1_71' title='bbox 1452 822 1462 851; x_wconf 92' lang='lat'>:</span> <span class='ocrx_word' id='word_1_72' title='bbox 1488 799 1539 851; x_wconf 84' lang='lat' dir='ltr'>fit</span> <span class='ocrx_word' id='word_1_73' title='bbox 1554 798 1736 870; x_wconf 77' lang='lat' dir='ltr'>gradus</span> 
     </span>
     <span class='ocr_line' id='line_1_11' title="bbox 133 873 1730 943; baseline -0.001 -15"><span class='ocrx_word' id='word_1_74' title='bbox 133 875 192 927; x_wconf 87' lang='lat' dir='ltr'>ad</span> <span class='ocrx_word' id='word_1_75' title='bbox 213 880 392 939; x_wconf 75' lang='lat' dir='ltr'>majora</span> <span class='ocrx_word' id='word_1_76' title='bbox 419 894 430 922; x_wconf 89' lang='lat'><strong>:</strong></span> <span class='ocrx_word' id='word_1_77' title='bbox 456 873 660 925; x_wconf 85' lang='lat' dir='ltr'>tandem</span> <span class='ocrx_word' id='word_1_78' title='bbox 678 878 955 943; x_wconf 81' lang='lat' dir='ltr'>pervenitur</span> <span class='ocrx_word' id='word_1_79' title='bbox 970 873 1034 926; x_wconf 86' lang='lat' dir='ltr'>ad</span> <span class='ocrx_word' id='word_1_80' title='bbox 1049 877 1285 926; x_wconf 81' lang='lat' dir='ltr'>maxima.</span> <span class='ocrx_word' id='word_1_81' title='bbox 1365 875 1588 926; x_wconf 82' lang='lat' dir='ltr'><strong>Unicum</strong></span> <span class='ocrx_word' id='word_1_82' title='bbox 1619 893 1730 927; x_wconf 86' lang='lat' dir='ltr'>are-</span> 
     </span>
     <span class='ocr_line' id='line_1_12' title="bbox 129 949 1734 1024; baseline 0.001 -23"><span class='ocrx_word' id='word_1_83' title='bbox 129 969 428 1024; x_wconf 81' lang='lat' dir='ltr'>naegranum</span> <span class='ocrx_word' id='word_1_84' title='bbox 459 949 997 1017; x_wconf 73' lang='lat' dir='ltr'>sumptisincrementis</span> <span class='ocrx_word' id='word_1_85' title='bbox 1020 950 1252 1002; x_wconf 83' lang='lat' dir='ltr'>excrescit</span> <span class='ocrx_word' id='word_1_86' title='bbox 1279 955 1330 1002; x_wconf 88' lang='lat' dir='ltr'>in</span> <span class='ocrx_word' id='word_1_87' title='bbox 1363 966 1610 1002; x_wconf 78' lang='lat' dir='ltr'>montem.</span> <span class='ocrx_word' id='word_1_88' title='bbox 1651 952 1734 1003; x_wconf 84' lang='lat' dir='ltr'>Fi·</span> 
     </span>
     <span class='ocr_line' id='line_1_13' title="bbox 128 1024 1733 1095; baseline 0.001 -17"><span class='ocrx_word' id='word_1_89' title='bbox 128 1029 236 1078; x_wconf 90' lang='lat' dir='ltr'>lum</span> <span class='ocrx_word' id='word_1_90' title='bbox 264 1028 492 1095; x_wconf 77' lang='lat' dir='ltr'>capillare</span> <span class='ocrx_word' id='word_1_91' title='bbox 519 1024 800 1077; x_wconf 80' lang='lat' dir='ltr'>incrassatur</span> <span class='ocrx_word' id='word_1_92' title='bbox 828 1030 877 1076; x_wconf 91' lang='lat' dir='ltr'>in</span> <span class='ocrx_word' id='word_1_93' title='bbox 906 1026 1187 1078; x_wconf 84' lang='lat' dir='ltr'>rudentem.</span> <span class='ocrx_word' id='word_1_94' title='bbox 1263 1027 1415 1078; x_wconf 80' lang='lat' dir='ltr'>Gutta</span> <span class='ocrx_word' id='word_1_95' title='bbox 1446 1030 1733 1079; x_wconf 72' lang='lat' dir='ltr'>intumescit</span> 
     </span>
     <span class='ocr_line' id='line_1_14' title="bbox 129 1101 1730 1175; baseline 0.001 -21"><span class='ocrx_word' id='word_1_96' title='bbox 129 1109 179 1155; x_wconf 83' lang='lat' dir='ltr'>in</span> <span class='ocrx_word' id='word_1_97' title='bbox 208 1121 471 1154; x_wconf 79' lang='lat' dir='ltr'>oceanum.</span> <span class='ocrx_word' id='word_1_98' title='bbox 550 1104 757 1175; x_wconf 78' lang='lat' dir='ltr'>Qanto</span> <span class='ocrx_word' id='word_1_99' title='bbox 788 1101 1047 1154; x_wconf 70' lang='lat' dir='ltr'>Danubius</span> <span class='ocrx_word' id='word_1_100' title='bbox 1076 1103 1215 1153; x_wconf 83' lang='lat' dir='ltr'>alveo</span> <span class='ocrx_word' id='word_1_101' title='bbox 1241 1108 1291 1153; x_wconf 88' lang='lat' dir='ltr'>in</span> <span class='ocrx_word' id='word_1_102' title='bbox 1312 1102 1530 1154; x_wconf 85' lang='lat' dir='ltr'>Pontum</span> <span class='ocrx_word' id='word_1_103' title='bbox 1572 1106 1730 1156; x_wconf 66' lang='lat' dir='ltr'>Euxi-</span> 
     </span>
     <span class='ocr_line' id='line_1_15' title="bbox 127 1176 1725 1247; baseline 0.001 -17"><span class='ocrx_word' id='word_1_104' title='bbox 127 1197 249 1231; x_wconf 86' lang='lat' dir='ltr'>num</span> <span class='ocrx_word' id='word_1_105' title='bbox 284 1179 328 1229; x_wconf 88' lang='lat' dir='ltr'>se</span> <span class='ocrx_word' id='word_1_106' title='bbox 344 1179 388 1229; x_wconf 87' lang='lat' dir='ltr'>se</span> <span class='ocrx_word' id='word_1_107' title='bbox 413 1176 625 1230; x_wconf 80' lang='lat' dir='ltr'>effundit</span> <span class='ocrx_word' id='word_1_108' title='bbox 653 1191 666 1231; x_wconf 85' lang='lat'>?</span> <span class='ocrx_word' id='word_1_109' title='bbox 696 1180 752 1232; x_wconf 85' lang='lat' dir='ltr'>Et</span> <span class='ocrx_word' id='word_1_110' title='bbox 778 1178 926 1247; x_wconf 62' lang='lat' dir='ltr'>quaim</span> <span class='ocrx_word' id='word_1_111' title='bbox 951 1177 1161 1229; x_wconf 84' lang='lat' dir='ltr'>modicis</span> <span class='ocrx_word' id='word_1_112' title='bbox 1188 1177 1424 1231; x_wconf 77' lang='lat' dir='ltr'>natalibus</span> <span class='ocrx_word' id='word_1_113' title='bbox 1452 1185 1501 1230; x_wconf 89' lang='lat' dir='ltr'>in</span> <span class='ocrx_word' id='word_1_114' title='bbox 1532 1179 1725 1232; x_wconf 73' lang='lat' dir='ltr'>Sucviae</span> 
     </span>
     <span class='ocr_line' id='line_1_16' title="bbox 127 1250 1722 1324; baseline 0.003 -20"><span class='ocrx_word' id='word_1_115' title='bbox 127 1254 364 1323; x_wconf 66' lang='lat' dir='ltr'>planitie&amp;</span> <span class='ocrx_word' id='word_1_116' title='bbox 393 1270 530 1306; x_wconf 82' lang='lat' dir='ltr'>terrae</span> <span class='ocrx_word' id='word_1_117' title='bbox 545 1272 685 1305; x_wconf 79' lang='lat' dir='ltr'>utero</span> <span class='ocrx_word' id='word_1_118' title='bbox 714 1254 945 1322; x_wconf 79' lang='lat' dir='ltr'>prostillat</span> <span class='ocrx_word' id='word_1_119' title='bbox 973 1268 988 1306; x_wconf 70' lang='grc' dir='ltr'><strong><em>ἓ</em></strong></span> <span class='ocrx_word' id='word_1_120' title='bbox 1027 1253 1182 1324; x_wconf 83' lang='lat' dir='ltr'>Quod</span> <span class='ocrx_word' id='word_1_121' title='bbox 1211 1250 1259 1306; x_wconf 77' lang='lat' dir='ltr'>in</span> <span class='ocrx_word' id='word_1_122' title='bbox 1286 1270 1488 1315; x_wconf 82' lang='lat' dir='ltr'>natura,</span> <span class='ocrx_word' id='word_1_123' title='bbox 1518 1256 1650 1308; x_wconf 78' lang='lat' dir='ltr'>idem</span> <span class='ocrx_word' id='word_1_124' title='bbox 1671 1262 1722 1309; x_wconf 87' lang='lat' dir='ltr'>in</span> 
     </span>
     <span class='ocr_line' id='line_1_17' title="bbox 125 1329 1730 1400; baseline 0.002 -20"><span class='ocrx_word' id='word_1_125' title='bbox 125 1329 344 1381; x_wconf 80' lang='lat' dir='ltr'>moribus</span> <span class='ocrx_word' id='word_1_126' title='bbox 357 1330 608 1381; x_wconf 78' lang='lat' dir='ltr'>observare</span> <span class='ocrx_word' id='word_1_127' title='bbox 634 1330 720 1382; x_wconf 89' lang='lat' dir='ltr'>est.</span> <span class='ocrx_word' id='word_1_128' title='bbox 751 1331 924 1383; x_wconf 84' lang='lat' dir='ltr'>Nemo</span> <span class='ocrx_word' id='word_1_129' title='bbox 950 1346 1149 1399; x_wconf 82' lang='lat' dir='ltr'>repente</span> <span class='ocrx_word' id='word_1_130' title='bbox 1185 1330 1238 1381; x_wconf 82' lang='lat' dir='ltr'>fit</span> <span class='ocrx_word' id='word_1_131' title='bbox 1266 1331 1524 1400; x_wconf 81' lang='lat' dir='ltr'>peffimus‚</span> <span class='ocrx_word' id='word_1_132' title='bbox 1555 1351 1648 1386; x_wconf 84' lang='lat' dir='ltr'>nec</span> <span class='ocrx_word' id='word_1_133' title='bbox 1662 1352 1730 1384; x_wconf 61' lang='grc' dir='ltr'>οε</span> 
     </span>
     <span class='ocr_line' id='line_1_18' title="bbox 124 1403 1723 1476; baseline 0.004 -21"><span class='ocrx_word' id='word_1_134' title='bbox 124 1411 322 1476; x_wconf 78' lang='lat' dir='ltr'>ptimus.</span> <span class='ocrx_word' id='word_1_135' title='bbox 403 1407 514 1457; x_wconf 81' lang='lat' dir='ltr'>Erat</span> <span class='ocrx_word' id='word_1_136' title='bbox 541 1403 758 1474; x_wconf 72' lang='lat' dir='ltr'>primurn</span> <span class='ocrx_word' id='word_1_137' title='bbox 804 1405 990 1467; x_wconf 76' lang='lat' dir='ltr'>injuda</span> <span class='ocrx_word' id='word_1_138' title='bbox 1019 1425 1163 1459; x_wconf 83' lang='lat' dir='ltr'>amor</span> <span class='ocrx_word' id='word_1_139' title='bbox 1188 1405 1500 1460; x_wconf 77' lang='lat' dir='ltr'>inordinatus</span> <span class='ocrx_word' id='word_1_140' title='bbox 1530 1410 1723 1462; x_wconf 79' lang='lat' dir='ltr'>loculo-</span> 
     </span>
     <span class='ocr_line' id='line_1_19' title="bbox 120 1480 1718 1556; baseline 0.001 -23"><span class='ocrx_word' id='word_1_141' title='bbox 120 1498 229 1533; x_wconf 79' lang='lat' dir='ltr'>rum</span> <span class='ocrx_word' id='word_1_142' title='bbox 262 1499 278 1546; x_wconf 80' lang='lat'>3</span> <span class='ocrx_word' id='word_1_143' title='bbox 310 1480 749 1549; x_wconf 75' lang='lat' dir='ltr'>proceffitsubinde</span> <span class='ocrx_word' id='word_1_144' title='bbox 774 1480 835 1533; x_wconf 78' lang='lat' dir='ltr'>ad</span> <span class='ocrx_word' id='word_1_145' title='bbox 852 1486 1104 1535; x_wconf 79' lang='lat' dir='ltr'>avaritiam</span> <span class='ocrx_word' id='word_1_146' title='bbox 1121 1522 1132 1544; x_wconf 91' lang='lat'>‚</span> <span class='ocrx_word' id='word_1_147' title='bbox 1151 1489 1202 1536; x_wconf 86' lang='lat'>&amp;</span> <span class='ocrx_word' id='word_1_148' title='bbox 1227 1485 1462 1535; x_wconf 81' lang='lat' dir='ltr'>alimenta</span> <span class='ocrx_word' id='word_1_149' title='bbox 1488 1491 1718 1556; x_wconf 83' lang='lat' dir='ltr'>pauperi-</span> 
     </span>
     <span class='ocr_line' id='line_1_20' title="bbox 119 1557 1718 1622; baseline 0.003 -13"><span class='ocrx_word' id='word_1_150' title='bbox 119 1557 206 1610; x_wconf 84' lang='lat' dir='ltr'>bus</span> <span class='ocrx_word' id='word_1_151' title='bbox 222 1558 430 1618; x_wconf 82' lang='lat' dir='ltr'>abstulit,</span> <span class='ocrx_word' id='word_1_152' title='bbox 449 1574 571 1610; x_wconf 84' lang='lat' dir='ltr'>mox</span> <span class='ocrx_word' id='word_1_153' title='bbox 588 1561 734 1610; x_wconf 84' lang='lat' dir='ltr'>etiam</span> <span class='ocrx_word' id='word_1_154' title='bbox 752 1560 955 1611; x_wconf 88' lang='lat' dir='ltr'>DEUM</span> <span class='ocrx_word' id='word_1_155' title='bbox 998 1557 1099 1620; x_wconf 75' lang='lat' dir='ltr'>fibi,</span> <span class='ocrx_word' id='word_1_156' title='bbox 1180 1560 1349 1612; x_wconf 86' lang='lat' dir='ltr'>Mirari</span> <span class='ocrx_word' id='word_1_157' title='bbox 1367 1560 1624 1614; x_wconf 84' lang='lat' dir='ltr'>volueram</span> <span class='ocrx_word' id='word_1_158' title='bbox 1641 1602 1652 1622; x_wconf 90' lang='lat'><em>,</em></span> <span class='ocrx_word' id='word_1_159' title='bbox 1685 1565 1718 1619; x_wconf 81' lang='lat' dir='ltr'>fi</span> 
     </span>
     <span class='ocr_line' id='line_1_21' title="bbox 118 1632 1721 1706; baseline 0.005 -23"><span class='ocrx_word' id='word_1_160' title='bbox 118 1632 344 1703; x_wconf 68' lang='lat' dir='ltr'>potuill&#39;et</span> <span class='ocrx_word' id='word_1_161' title='bbox 365 1633 662 1701; x_wconf 87' lang='lat' dir='ltr'>perseverare</span> <span class='ocrx_word' id='word_1_162' title='bbox 679 1652 796 1686; x_wconf 89' lang='lat' dir='ltr'>cum</span> <span class='ocrx_word' id='word_1_163' title='bbox 815 1635 1034 1695; x_wconf 77' lang='lat' dir='ltr'>Christo,</span> <span class='ocrx_word' id='word_1_164' title='bbox 1071 1639 1155 1705; x_wconf 89' lang='lat' dir='ltr'>qui</span> <span class='ocrx_word' id='word_1_165' title='bbox 1174 1653 1437 1706; x_wconf 80' lang='lat' dir='ltr'>pauperem</span> <span class='ocrx_word' id='word_1_166' title='bbox 1458 1656 1560 1689; x_wconf 91' lang='lat' dir='ltr'>non</span> <span class='ocrx_word' id='word_1_167' title='bbox 1577 1658 1721 1694; x_wconf 71' lang='lat' dir='ltr'>atna-</span> 
     </span>
     <span class='ocr_line' id='line_1_22' title="bbox 118 1708 1718 1783; baseline 0.004 -24"><span class='ocrx_word' id='word_1_168' title='bbox 118 1725 201 1760; x_wconf 80' lang='lat' dir='ltr'>ret.</span> <span class='ocrx_word' id='word_1_169' title='bbox 284 1713 416 1762; x_wconf 78' lang='lat' dir='ltr'>Hinc</span> <span class='ocrx_word' id='word_1_170' title='bbox 443 1708 502 1761; x_wconf 83' lang='lat' dir='ltr'>ab</span> <span class='ocrx_word' id='word_1_171' title='bbox 515 1713 712 1762; x_wconf 84' lang='lat' dir='ltr'>avaritia</span> <span class='ocrx_word' id='word_1_172' title='bbox 730 1727 938 1763; x_wconf 88' lang='lat' dir='ltr'>ventum</span> <span class='ocrx_word' id='word_1_173' title='bbox 955 1711 1017 1764; x_wconf 86' lang='lat' dir='ltr'>ad</span> <span class='ocrx_word' id='word_1_174' title='bbox 1036 1712 1368 1780; x_wconf 80' lang='lat' dir='ltr'>proditionem</span> <span class='ocrx_word' id='word_1_175' title='bbox 1389 1750 1402 1773; x_wconf 92' lang='lat'>‚</span> <span class='ocrx_word' id='word_1_176' title='bbox 1431 1712 1454 1764; x_wconf 72' lang='grc' dir='ltr'>ἐ</span> <span class='ocrx_word' id='word_1_177' title='bbox 1480 1716 1718 1783; x_wconf 82' lang='lat' dir='ltr'>proditio..</span> 
     </span>
     <span class='ocr_line' id='line_1_23' title="bbox 115 1785 1710 1858; baseline 0.004 -23"><span class='ocrx_word' id='word_1_178' title='bbox 115 1804 178 1836; x_wconf 87' lang='lat' dir='ltr'>ne</span> <span class='ocrx_word' id='word_1_179' title='bbox 206 1785 268 1837; x_wconf 81' lang='lat' dir='ltr'>ad</span> <span class='ocrx_word' id='word_1_180' title='bbox 296 1785 642 1838; x_wconf 87' lang='lat' dir='ltr'>venditionem</span> <span class='ocrx_word' id='word_1_181' title='bbox 672 1788 785 1840; x_wconf 82' lang='lat' dir='ltr'>DEI</span> <span class='ocrx_word' id='word_1_182' title='bbox 808 1824 821 1847; x_wconf 88' lang='lat'>‚</span> <span class='ocrx_word' id='word_1_183' title='bbox 846 1785 873 1838; x_wconf 67' lang='grc' dir='ltr'>εὶ</span> <span class='ocrx_word' id='word_1_184' title='bbox 898 1786 1192 1840; x_wconf 87' lang='lat' dir='ltr'>venditione</span> <span class='ocrx_word' id='word_1_185' title='bbox 1213 1787 1277 1839; x_wconf 86' lang='lat' dir='ltr'>ad</span> <span class='ocrx_word' id='word_1_186' title='bbox 1308 1791 1569 1858; x_wconf 80' lang='lat' dir='ltr'>laqueum,</span> <span class='ocrx_word' id='word_1_187' title='bbox 1597 1791 1622 1843; x_wconf 74' lang='grc' dir='ltr'>ὲ</span> <span class='ocrx_word' id='word_1_188' title='bbox 1641 1795 1710 1848; x_wconf 86' lang='lat' dir='ltr'>la-</span> 
     </span>
     <span class='ocr_line' id='line_1_24' title="bbox 113 1862 1713 1935; baseline 0.004 -22"><span class='ocrx_word' id='word_1_189' title='bbox 113 1879 244 1929; x_wconf 82' lang='lat' dir='ltr'>queo</span> <span class='ocrx_word' id='word_1_190' title='bbox 266 1862 325 1913; x_wconf 76' lang='lat' dir='ltr'>ad</span> <span class='ocrx_word' id='word_1_191' title='bbox 345 1879 536 1915; x_wconf 77' lang='lat' dir='ltr'>orcum.</span> <span class='ocrx_word' id='word_1_192' title='bbox 615 1864 683 1915; x_wconf 86' lang='lat' dir='ltr'>Ita</span> <span class='ocrx_word' id='word_1_193' title='bbox 709 1881 791 1933; x_wconf 82' lang='lat' dir='ltr'>pet</span> <span class='ocrx_word' id='word_1_194' title='bbox 808 1864 914 1914; x_wconf 86' lang='lat' dir='ltr'>suos</span> <span class='ocrx_word' id='word_1_195' title='bbox 942 1864 1120 1935; x_wconf 81' lang='lat' dir='ltr'>gradus</span> <span class='ocrx_word' id='word_1_196' title='bbox 1148 1865 1353 1933; x_wconf 75' lang='lat' dir='ltr'>profecit</span> <span class='ocrx_word' id='word_1_197' title='bbox 1376 1870 1625 1934; x_wconf 79' lang='lat' dir='ltr'>impietaS,</span> <span class='ocrx_word' id='word_1_198' title='bbox 1657 1879 1713 1928; x_wconf 68' lang='grc' dir='ltr'>δε</span> 
     </span>
     <span class='ocr_line' id='line_1_25' title="bbox 111 1936 1709 2011; baseline 0.005 -23"><span class='ocrx_word' id='word_1_199' title='bbox 111 1942 233 1989; x_wconf 87' lang='lat' dir='ltr'>dum</span> <span class='ocrx_word' id='word_1_200' title='bbox 253 1955 395 1989; x_wconf 80' lang='lat' dir='ltr'>avara</span> <span class='ocrx_word' id='word_1_201' title='bbox 423 1936 518 1991; x_wconf 82' lang='lat' dir='ltr'>eise</span> <span class='ocrx_word' id='word_1_202' title='bbox 546 1939 702 1990; x_wconf 88' lang='lat' dir='ltr'>voluit</span> <span class='ocrx_word' id='word_1_203' title='bbox 720 1978 732 1999; x_wconf 95' lang='lat'>,</span> <span class='ocrx_word' id='word_1_204' title='bbox 763 1937 1141 2011; x_wconf 78' lang='lat' dir='ltr'>prodigaliffima</span> <span class='ocrx_word' id='word_1_205' title='bbox 1173 1941 1350 1993; x_wconf 87' lang='lat' dir='ltr'>exstitit</span> <span class='ocrx_word' id='word_1_206' title='bbox 1376 1957 1393 2007; x_wconf 81' lang='lat'>3</span> <span class='ocrx_word' id='word_1_207' title='bbox 1429 1948 1543 2011; x_wconf 86' lang='lat' dir='ltr'>quia</span> <span class='ocrx_word' id='word_1_208' title='bbox 1567 1948 1709 2000; x_wconf 81' lang='lat' dir='ltr'>inex-</span> 
     </span>
     <span class='ocr_line' id='line_1_26' title="bbox 111 2012 1710 2088; baseline 0.007 -24"><span class='ocrx_word' id='word_1_209' title='bbox 111 2012 341 2065; x_wconf 85' lang='lat' dir='ltr'>haustum</span> <span class='ocrx_word' id='word_1_210' title='bbox 372 2020 597 2067; x_wconf 81' lang='lat' dir='ltr'>aerarium</span> <span class='ocrx_word' id='word_1_211' title='bbox 636 2018 783 2066; x_wconf 87' lang='lat' dir='ltr'>unica</span> <span class='ocrx_word' id='word_1_212' title='bbox 824 2012 1065 2067; x_wconf 82' lang='lat' dir='ltr'>effufione</span> <span class='ocrx_word' id='word_1_213' title='bbox 1097 2014 1391 2088; x_wconf 83' lang='lat' dir='ltr'>abligurivit.</span> <span class='ocrx_word' id='word_1_214' title='bbox 1472 2021 1710 2079; x_wconf 81' lang='lat' dir='ltr'>Daemoni</span> 
     </span>
     <span class='ocr_line' id='line_1_27' title="bbox 109 2088 1706 2161; baseline 0.006 -21"><span class='ocrx_word' id='word_1_215' title='bbox 109 2107 172 2141; x_wconf 92' lang='lat' dir='ltr'>ne</span> <span class='ocrx_word' id='word_1_216' title='bbox 188 2088 299 2140; x_wconf 83' lang='lat' dir='ltr'>fide.</span> <span class='ocrx_word' id='word_1_217' title='bbox 393 2093 510 2142; x_wconf 83' lang='lat' dir='ltr'>Non</span> <span class='ocrx_word' id='word_1_218' title='bbox 540 2090 757 2141; x_wconf 84' lang='lat' dir='ltr'>sollicitat</span> <span class='ocrx_word' id='word_1_219' title='bbox 782 2095 943 2161; x_wconf 78' lang='lat' dir='ltr'>primo</span> <span class='ocrx_word' id='word_1_220' title='bbox 973 2092 1130 2146; x_wconf 83' lang='lat' dir='ltr'>statim</span> <span class='ocrx_word' id='word_1_221' title='bbox 1159 2092 1334 2146; x_wconf 83' lang='lat' dir='ltr'>affultu</span> <span class='ocrx_word' id='word_1_222' title='bbox 1354 2109 1506 2148; x_wconf 81' lang='lat' dir='ltr'>totam</span> <span class='ocrx_word' id='word_1_223' title='bbox 1526 2102 1706 2155; x_wconf 81' lang='lat' dir='ltr'>animae</span> 
     </span>
     <span class='ocr_line' id='line_1_28' title="bbox 108 2164 1705 2240; baseline 0.007 -23"><span class='ocrx_word' id='word_1_224' title='bbox 108 2164 433 2217; x_wconf 82' lang='lat' dir='ltr'>deditionem.</span> <span class='ocrx_word' id='word_1_225' title='bbox 540 2165 762 2218; x_wconf 71' lang='lat' dir='ltr'>Demisse</span> <span class='ocrx_word' id='word_1_226' title='bbox 796 2169 1001 2238; x_wconf 85' lang='lat' dir='ltr'>postulat</span> <span class='ocrx_word' id='word_1_227' title='bbox 1029 2171 1301 2240; x_wconf 78' lang='lat' dir='ltr'>alloquium</span> <span class='ocrx_word' id='word_1_228' title='bbox 1357 2187 1373 2236; x_wconf 81' lang='lat'><em>3</em></span> <span class='ocrx_word' id='word_1_229' title='bbox 1422 2169 1607 2227; x_wconf 87' lang='lat' dir='ltr'>deinde</span> <span class='ocrx_word' id='word_1_230' title='bbox 1623 2196 1705 2232; x_wconf 81' lang='lat' dir='ltr'>ac-</span> 
     </span>
     <span class='ocr_line' id='line_1_29' title="bbox 107 2239 1704 2321; baseline 0.006 -28"><span class='ocrx_word' id='word_1_231' title='bbox 107 2240 292 2294; x_wconf 82' lang='lat' dir='ltr'>cessum</span> <span class='ocrx_word' id='word_1_232' title='bbox 323 2247 442 2314; x_wconf 85' lang='lat' dir='ltr'>petit</span> <span class='ocrx_word' id='word_1_233' title='bbox 464 2239 526 2296; x_wconf 88' lang='lat' dir='ltr'>ad</span> <span class='ocrx_word' id='word_1_234' title='bbox 551 2239 691 2296; x_wconf 79' lang='lat' dir='ltr'>fossas</span> <span class='ocrx_word' id='word_1_235' title='bbox 740 2260 760 2313; x_wconf 82' lang='lat'>3</span> <span class='ocrx_word' id='word_1_236' title='bbox 807 2260 912 2297; x_wconf 88' lang='lat' dir='ltr'>tum</span> <span class='ocrx_word' id='word_1_237' title='bbox 939 2244 1134 2299; x_wconf 86' lang='lat' dir='ltr'>demitti</span> <span class='ocrx_word' id='word_1_238' title='bbox 1157 2247 1260 2300; x_wconf 87' lang='lat' dir='ltr'>vult</span> <span class='ocrx_word' id='word_1_239' title='bbox 1289 2245 1548 2301; x_wconf 74' lang='lat' dir='ltr'>sublicium</span> <span class='ocrx_word' id='word_1_240' title='bbox 1576 2269 1704 2321; x_wconf 84' lang='lat' dir='ltr'>pon-</span> 
     </span>
    </p>

    <p class='ocr_par' dir='ltr' id='par_1_4' title="bbox 971 2322 1706 2398">
     <span class='ocr_line' id='line_1_30' title="bbox 971 2322 1706 2398; baseline 0.008 -20"><span class='ocrx_word' id='word_1_241' title='bbox 971 2322 1030 2378; x_wconf 89' lang='lat' dir='ltr'>M</span> <span class='ocrx_word' id='word_1_242' title='bbox 1072 2343 1104 2378; x_wconf 77' lang='lat'>2.</span> <span class='ocrx_word' id='word_1_243' title='bbox 1552 2344 1652 2384; x_wconf 84' lang='lat' dir='ltr'>tem</span> <span class='ocrx_word' id='word_1_244' title='bbox 1676 2352 1706 2398; x_wconf 79' lang='lat'>,-</span> 
     </span>
    </p>
   </div>
  </div>
 </body>
</html>
