1888 2584
165 70 237 129 ⁸⁶
775 68 897 136 Q(
928 73 987 132 >F
1019 68 1147 137 lg&

165 187 491 257 intenderent
522 207 539 262 3
575 188 729 246 bruta:
753 196 1034 247 animantes
1069 190 1380 249 horrendum
1405 195 1640 261 eiuiarent
1665 215 1692 258 ‚-
1724 202 1779 253 ει

167 269 318 324 multi
369 268 644 322 hominum
702 267 917 323 turbatas
970 284 1158 322 naturae
1229 272 1361 345 leges
1422 273 1773 327 inclamarent.

167 348 292 401 Non
321 345 438 398 ante
475 344 766 403 reviviscere
791 384 807 409 ‚
846 362 952 398 non
988 345 1220 418 respirare
1256 348 1365 400 sunt
1392 347 1474 401 vifi
1526 388 1540 411 ‚
1621 348 1776 420 quam

167 420 400 475 reducem
431 423 596 475 lucem
627 421 882 483 viderunt,
979 423 1263 493 Nunquam
1292 424 1358 476 sol
1397 424 1576 498 gratius
1614 428 1775 489 luxit,

164 497 317 569 quam
354 498 464 552 Post
489 499 680 552 lucrum
730 522 742 552 :
788 516 1056 568 nunquam
1083 498 1283 554 nitidius
1298 499 1542 571 splenduit
1568 538 1582 562 ,
1616 501 1770 572 quarn

162 575 274 646 post
329 576 647 645 squallorem.
741 574 1003 630 Veriffime
1048 580 1233 631 cecinit
1274 593 1416 649 poeta
1461 599 1475 633 ε
1534 587 1771 652 augent

160 649 361 726 affara
389 654 618 704 nitorem.

325 728 481 784 Haud
505 725 762 783 immerito
794 732 1026 806 geminos
1053 730 1219 785 vultus
1254 733 1381 798 jano
1425 729 1512 782 suo
1556 727 1773 799 adscrip-

159 803 214 856 fit
263 808 544 877 antiquitas,
642 808 876 877 Qatuor
926 825 1068 861 aures
1106 807 1292 861 habere
1321 804 1494 861 debuit
1533 846 1547 871 ,
1586 823 1642 859 ut
1696 807 1768 858 fa-

154 879 296 934 bulas
332 880 560 951 undique
603 884 855 951 colligeret
893 905 907 937 ι
957 899 1227 954 quaternos
1264 883 1438 935 oculos
1477 918 1493 941 ,
1545 898 1597 934 ut
1634 880 1768 935 duo-

156 955 246 1012 bus
299 975 374 1012 res
437 976 577 1012 veras
626 995 642 1020 ,
694 965 747 1012 δε
811 957 1007 1012 duobus
1058 962 1195 1012 falsas
1253 998 1271 1024 ,
1334 955 1573 1030 aspiceret
1625 977 1636 1007 ε
1678 976 1766 1031 ge-

158 1040 362 1088 minam
389 1035 618 1109 linguam
654 1071 671 1095 ,
712 1050 767 1088 ut
808 1035 974 1106 saepius
1023 1035 1246 1089 mendax
1290 1033 1408 1088 esset
1458 1039 1765 1108 :geminam

155 1111 378 1164 frontem
419 1148 435 1171 ,
473 1126 528 1164 ut
558 1115 814 1182 utrimque
851 1109 1120 1183 impudens
1168 1110 1267 1166 effe
1307 1108 1477 1183 posset,
1556 1110 1766 1164 Bifronti

149 1190 277 1253 jano
304 1185 574 1242 effrontem
616 1187 876 1242 mundum
893 1187 1134 1259 sapienter
1159 1202 1418 1260 comparat
1455 1188 1643 1256 sapiens
1684 1187 1766 1239 Se-

154 1281 296 1318 neca.
377 1266 580 1319 Bonum
596 1266 667 1319 est
689 1302 706 1326 ,
729 1268 890 1336 inquit
913 1304 927 1328 ‚
956 1265 1169 1318 infantes
1194 1282 1283 1317 nos
1312 1262 1445 1316 nasci
1471 1299 1487 1320 ‚
1526 1270 1579 1317 δε
1597 1279 1765 1316 rerum

152 1347 437 1413 inexpertes
450 1339 564 1394 esse.
630 1341 737 1396 Nisi
760 1357 935 1395 natura
963 1338 1220 1415 ingenioso
1249 1339 1348 1394 hoe
1361 1337 1480 1395 dol&
1499 1338 1762 1392 hominem

152 1416 569 1478 circumveniffet,
585 1419 748 1470 nullus
762 1417 906 1479 foret,
921 1423 1007 1489 qui
1022 1417 1277 1472 mundum
1295 1416 1431 1469 hunc
1442 1413 1636 1488 ingredi
1659 1416 1767 1467 vel·

152 1495 234 1549 let.
318 1494 462 1550 Nihil
512 1510 616 1547 tam
652 1495 798 1547 fallax
851 1533 865 1556 ,
905 1494 1031 1547 nihil
1086 1509 1191 1547 tam
1234 1492 1522 1547 insidiosum
1551 1526 1567 1549 ‚
1607 1489 1762 1563 quam

149 1576 248 1623 vita
279 1571 518 1624 humana.
569 1573 690 1625 Non
724 1569 1016 1624 mehercule
1051 1574 1315 1644 quisquam
1349 1566 1610 1640 accepisset
1637 1605 1652 1629 ,
1688 1573 1764 1620 ni-

150 1646 183 1699 fi
237 1649 395 1700 insciis
446 1647 661 1700 daretur.
743 1650 915 1701 Nemo
953 1648 1077 1699 sorte
1148 1648 1230 1699 sua
1297 1660 1564 1699 contentus
1625 1648 1761 1697 vivit.

149 1725 380 1779 Formosa
405 1724 475 1778 est
500 1724 720 1781 Rachel:
749 1722 828 1777 sed
845 1724 1091 1778 sterilitate
1114 1721 1362 1797 affligitur.
1437 1724 1527 1774 Lia
1559 1720 1762 1775 foecun-

149 1801 214 1856 da
241 1803 351 1856 est:
393 1799 474 1854 sed
507 1801 671 1854 forma
706 1799 1003 1855 destituitur.
1093 1802 1329 1854 Naaman
1368 1800 1587 1870 locuples
1629 1797 1700 1851 est
1746 1818 1760 1850 ε

150 1877 232 1933 sed
259 1879 393 1951 lepra
420 1878 578 1930 scatet.
652 1878 833 1931 Potens
857 1878 926 1932 est
957 1877 1242 1949 Augustus:
1282 1875 1364 1931 sed
1398 1873 1559 1927 liberis
1608 1888 1758 1934 caret,

150 1959 309 2010 Etiam
360 1953 550 2008 modici
587 1953 706 2007 boni
749 1972 1014 2023 nunquam
1056 1954 1271 2025 plenain
1312 1951 1411 2005 hoc
1448 1949 1675 2009 mundo,
1704 1957 1760 2004 δε

148 2039 316 2104 quieta
343 2031 563 2103 posseffio
586 2031 675 2084 est.
752 2030 990 2086 Convicit
1015 2030 1312 2084 Stanislaum
1343 2030 1530 2082 Seneca
1547 2034 1638 2090 5&
1667 2027 1759 2078 fal-

147 2111 308 2163 lacem
350 2110 509 2162 saeculi
548 2125 790 2180 pompam
831 2107 1072 2180 generoso
1108 2109 1314 2162 calcavit
1350 2106 1492 2178 pede.
1590 2101 1761 2158 Hodie

147 2184 177 2240 ὲ
207 2187 379 2239 culina
408 2185 565 2239 redux
593 2192 644 2235 in
673 2183 888 2238 obsoleta
917 2185 1049 2239 veste
1063 2189 1278 2237 occurrit
1304 2176 1709 2243 Commendono
1731 2200 1760 2244 >⁸-

147 2269 202 2318 δε
231 2261 398 2315 adhuc
435 2265 489 2315 lis
523 2263 593 2316 est
630 2260 714 2315 sub
737 2262 902 2315 iudice
937 2300 952 2324 ,
991 2280 1056 2314 an
1100 2260 1376 2315 cardinalis
1406 2265 1456 2310 in
1499 2255 1714 2328 purpurei
1738 2294 1754 2318 ‚

148 2357 215 2395 an
257 2340 521 2396 stanislaus
563 2337 627 2396 ad
664 2339 987 2412 conspectum
1035 2355 1260 2412 purpurae
1305 2332 1465 2409 magis
1515 2331 1754 2465 rubuq'rit.

1699 2425 1751 2460 ix
