1888 2584
108 91 201 163 15⁶
746 82 873 147 Q(
917 86 971 141 ἆ(
1027 81 1154 146 >ἓ3ἓξ

97 212 288 276 bilius;
368 206 495 262 nihil.
518 209 783 279 potentius,
846 205 899 256 O
929 219 1115 276 quanta
1149 202 1388 278 dignitas,
1416 203 1575 258 filium
1594 222 1706 275 par-

99 295 301 359 ticipare
350 304 473 338 cum
538 283 683 337 DEO
712 318 726 341 ‚
766 289 819 335 &t
872 283 1000 332 ulnis
1041 281 1326 333 Aiumnurn
1367 280 1712 354 gerere‚orbe

100 366 386 431 majorem!
427 363 478 414 O
514 374 672 433 gratas
711 356 1018 410 educationis
1061 351 1230 412 vices!
1269 358 1353 409 Illa
1394 359 1547 410 servat
1574 381 1598 421 ,·
1628 357 1709 411 hic

97 443 243 496 servit
270 478 284 500 ,
323 447 375 494 δε
418 440 644 490 altricem
676 436 815 487 suam
845 435 1101 486 Alumnus
1129 436 1226 485 alit.
1307 437 1470 487 Orant
1505 437 1584 501 aiij
1601 454 1715 501 tiu-p

98 536 221 572 meu
251 557 263 578 ,
306 516 412 568 haee
438 518 569 586 cogit
598 530 614 580 3
654 530 771 563 nam
807 510 984 563 Matris
1014 528 1126 562 vota
1165 516 1376 578 imperia
1403 512 1523 562 suut.
1612 513 1708 563 Ni-

88 594 162 648 hil
181 594 276 646 hac
295 590 570 645 amabilius.
603 590 761 640 Annis
781 591 979 656 triginta
997 586 1140 640 domi
1165 586 1293 638 haesit
1311 589 1521 640 Divinus
1541 587 1709 639 Phiio-

93 670 276 741 sophus
305 708 318 730 ‚
359 672 475 737 quia
514 683 693 717 ornnes
717 669 767 715 in
806 664 975 716 Matre
1028 661 1228 715 delicias
1278 662 1465 715 habuit.
1547 662 1707 715 Athe-

99 765 264 800 naeum
298 743 546 815 supplebat
566 741 795 795 MARIA
828 778 843 802 ,
880 748 933 794 δε
960 739 1102 803 hujus
1120 739 1304 792 affidua
1341 745 1715 807 contemplatio

97 838 199 876 erat
231 819 637 891 encyclopedia3
680 816 820 886 quod
864 817 958 868 alia
999 821 1052 867 in
1101 822 1237 867 terris
1282 815 1495 868 eruditio
1539 817 1706 887 Magi-

93 902 191 956 stro
220 899 318 951 hoc
347 898 502 968 digna
531 913 635 946 non
653 894 816 944 fuerit.
902 890 1122 945 Rursum
1167 891 1284 943 ficut
1312 892 1659 943 descendentis
1679 890 1708 943 ὂ

100 977 233 1031 coelo
268 979 423 1045 prima
460 973 600 1024 statio
627 969 876 1020 MARIAE
905 982 1068 1016 uterus
1097 1002 1112 1024 ‚
1154 972 1217 1017 ita
1245 967 1550 1018 ascendentis
1574 968 1600 1019 ἐ
1634 968 1706 1019 se-

92 1051 306 1124 pulchro
335 1055 494 1120 prima
523 1050 716 1114 requies
739 1042 831 1093 fuit
862 1042 1095 1094 MARIAE
1127 1041 1327 1093 domus.
1368 1045 1412 1093 Si
1455 1044 1587 1113 apud
1630 1049 1709 1094 in-

97 1132 226 1186 feros
259 1144 462 1196 poenam
491 1121 720 1191 potuiss'et
752 1124 848 1187 pati
867 1119 984 1177 ,alia
1011 1117 1145 1168 certe
1175 1135 1280 1169 non
1309 1118 1466 1169 suiffet
1504 1118 1710 1188 ‚quam

96 1200 238 1277 quod
274 1203 340 1254 ibi
382 1202 427 1254 se
469 1197 592 1251 vidit
629 1235 643 1257 ‚
683 1194 768 1247 ubi
816 1195 1048 1248 MARIA
1105 1210 1210 1247 uon
1242 1194 1395 1263 estet.
1475 1195 1707 1249 Demum

96 1279 357 1353 pendentis
379 1277 406 1330 ὲ
435 1292 582 1328 cruce
606 1274 718 1327 DEI
745 1268 964 1343 effigiem
1005 1268 1142 1321 vobis
1169 1271 1416 1340 relinquo,
1501 1272 1568 1321 Ut
1597 1289 1710 1322 mo-

99 1361 242 1411 rienti
271 1358 515 1425 peccatori
544 1357 594 1402 in
625 1353 900 1406 Civitatem
932 1346 1135 1418 Refugij
1169 1347 1359 1399 facilior
1379 1344 1495 1400 effer
1522 1344 1708 1419 ingres.

102 1434 180 1488 sus
208 1471 223 1494 ,
260 1450 364 1483 non
410 1436 460 1482 in
508 1446 613 1479 uno
653 1428 898 1479 duntaxat
934 1425 1085 1474 latere
1112 1460 1123 1482 ,
1150 1422 1229 1476 sed
1268 1428 1319 1474 in
1350 1428 1492 1474 omni
1519 1423 1713 1497 angulo,

98 1516 305 1580 januam
329 1510 534 1577 aperuit.
617 1505 804 1554 Avarus
841 1500 1012 1559 DEUS
1055 1516 1156 1548 non
1194 1496 1263 1552 est
1300 1519 1325 1562 ,·
1369 1505 1714 1569 promptuaria

101 1589 185 1640 sua
227 1584 357 1636 ultro
396 1580 537 1634 offert
575 1579 675 1631 fine
711 1579 837 1630 seris.
915 1578 1116 1628 Divitia:
1158 1576 1280 1627 illius
1325 1594 1504 1626 omues
1537 1578 1618 1644 ¹his
1655 1582 1709 1629 in

102 1661 339 1733 specubus
366 1658 687 1711 asservantur.
765 1658 939 1726 Quem
971 1651 1055 1703 hic
1096 1649 1380 1704 thesaurum
1427 1669 1531 1703 uon
1568 1658 1713 1704 inve-

101 1743 265 1802 nem,
304 1737 450 1807 plane
476 1734 722 1807 perditum
746 1747 875 1800 puta.
960 1731 1072 1782 Hae
1111 1728 1174 1778 ad
1212 1745 1388 1778 arcana
1413 1729 1637 1784 coelitum
1667 1732 1711 1797 if

307 1829 378 1866 ter
402 1814 472 1868 est
500 1835 526 1879 ,-
567 1813 652 1879 qui
690 1826 773 1878 per
801 1805 904 1857 haec
934 1806 1054 1858 ostia
1080 1801 1142 1855 ad
1171 1805 1377 1858 DEUM
1403 1822 1506 1857 non

545 1891 732 1946 intrat,
762 1883 842 1935 fut
881 1883 950 1935 est
989 1919 1002 1943 ‚
1041 1886 1093 1932 δέ
1136 1880 1272 1932 latro,

762 2049 1129 2137 fflmff
1162 2061 1165 2063 ·

1397 2290 1708 2369 ‘'XXXX4
