1976 2584
179 66 215 119 4-
757 57 1160 124 sffiwxdffi

181 174 530 233 commodavit
552 195 793 249 operat-03
833 179 971 253 quod
996 198 1114 234 eum
1144 183 1197 232 in
1221 178 1374 234 finem
1413 177 1611 233 effinxit
1637 192 1789 233 accu-

182 255 330 309 ratius
351 293 366 315 ‚
391 263 583 311 ornavit
611 256 879 326 copiofith,
916 256 1093 310 ditavit
1115 256 1385 318 liberalius,
1415 273 1468 310 ut
1507 256 1790 311 delitiosum

180 336 233 385 in
265 335 401 385 terris
432 331 632 385 haberet
661 332 960 402 hospitium,
989 338 1180 404 quoties
1209 352 1326 388 cum
1369 333 1475 399 filijs
1512 333 1790 385 hominum

177 406 371 461 luberet
396 406 603 460 delitiari
644 433 655 463 :
697 413 820 464 Ecce
848 413 933 473 Jus
971 404 1365 466 AEd1ficationis!
1420 409 1629 466 Accedit
1667 411 1791 482 legi-

179 489 332 537 timus
360 482 660 553 poffeffionis
689 487 868 540 titulus,
947 485 1167 541 Difficile
1191 487 1306 540 alias
1322 488 1436 541 latet
1466 486 1652 540 DEUS.
1687 488 1791 556 Ap-

179 563 338 630 paruit
362 564 411 611 in
442 562 637 631 praesepi
663 561 749 615 sub
779 564 1017 624 foen0‚&.
1045 562 1130 616 sub
1151 563 1328 624 nihilo,
1405 566 1567 618 Etiam
1605 567 1654 613 in
1684 563 1794 632 spe·

177 638 329 689 lunca
355 637 520 689 auiam
541 676 555 698 ,
585 642 635 690 in
668 639 816 710 paleis
843 639 1088 693 thronum
1107 680 1121 701 ,
1157 642 1209 691 in
1245 640 1428 692 throno
1454 639 1660 693 DEUM
1701 656 1790 711 ag-

177 712 367 765 nssvere
393 728 483 765 tres
511 717 647 787 magi
664 755 678 777 ‚
702 724 756 771 δε
781 714 841 769 ad
873 715 1019 787 pedes
1048 717 1246 769 infantis
1280 715 1501 776 advoluti
1530 720 1617 765 viri
1642 715 1686 765 se
1715 717 1792 766 fa-

178 788 413 841 tebantur
440 795 676 843 minores.
757 792 844 864 Ipfi
869 792 998 845 adeo
1026 796 1117 846 Bos
1158 799 1212 846 «Sc
1252 792 1431 846 Afinus
1472 788 1791 864 poffefforem

178 864 325 917 suum
358 883 750 938 cognoverunt:
831 872 957 922 Ecce
999 874 1084 934 Jus
1122 868 1427 922 Poffeffionis
1472 907 1485 931 ,
1523 865 1610 920 nifi
1664 867 1793 918 iufra

177 939 322 994 bruta
350 945 470 994 velis
496 940 660 1013 {apere
702 937 715 998 Ι
755 944 860 1015 pius
877 949 1008 999 dico,
1088 945 1279 998 Avidus
1306 945 1470 1000 cordis
1498 950 1574 996 tui
1605 941 1791 994 homo-

177 1019 354 1071 DEUS
382 1019 561 1072 obiavo
582 1025 685 1086 jam
715 1021 797 1073 die
823 1022 979 1073 voluit
1005 1022 1302 1096 sanguinem
1330 1023 1570 1082 fundere,
1603 1034 1656 1070 ut
1693 1017 1792 1073 εἰτὸ

178 1099 392 1164 pretium
420 1096 653 1157 solveret,
677 1104 728 1150 δι
753 1098 891 1168 quod
921 1097 1518 1169 tibiemancipaveratcor
1540 1136 1554 1159 ‚
1570 1094 1794 1148 redime-

176 1185 264 1222 ret.
343 1169 605 1224 Offerebat
630 1190 798 1226 autem
829 1190 1018 1243 partem
1057 1176 1306 1248 sanguinis
1342 1212 1357 1235 ‚
1396 1182 1452 1229 δε
1486 1171 1737 1245 qua-rebat
1765 1168 1793 1223 Ξι

176 1245 348 1309 Patre,
380 1265 444 1299 an
471 1249 576 1298 satis
601 1249 758 1303 foret?
801 1253 1022 1320 Negavit
1047 1251 1148 1307 hic,
1179 1247 1402 1302 sufficere
1433 1251 1530 1302 hoc
1558 1252 1792 1319 pretium,

177 1327 409 1395 quamvis
439 1322 721 1378 infinitum:
759 1324 1026 1378 admissum
1066 1324 1164 1378 effe
1196 1323 1543 1378 vadimonium
1571 1343 1627 1376 ea
1655 1327 1792 1396 iege,

179 1413 234 1452 ut
257 1404 425 1451 cautio
444 1417 735 1455 moreretur.
816 1402 1014 1453 Annuit
1039 1402 1194 1458 filius,
1223 1409 1277 1455 δε
1313 1403 1607 1474 sanguinem
1645 1403 1697 1451 in
1737 1417 1792 1452 a·

180 1480 330 1548 gonia
356 1494 440 1546 per
461 1493 636 1528 ornnes
659 1484 879 1547 corporis
907 1496 1051 1545 poros
1068 1517 1081 1538 ,
1103 1482 1152 1529 in
1179 1476 1513 1550 flagellatione
1539 1496 1622 1548 per
1638 1479 1790 1546 quin-

180 1556 322 1621 quies
346 1552 484 1604 mille
525 1553 846 1606 validiffimos
886 1554 1008 1606 ierus
1035 1593 1047 1614 ,
1086 1561 1137 1607 in
1192 1555 1536 1607 Coronatione
1565 1571 1653 1621 per
1697 1562 1786 1627 72.

184 1627 438 1697 spinarum
466 1631 661 1680 aculeos
687 1636 900 1698 exprimi
937 1631 1107 1683 voluit.
1206 1631 1306 1683 Ibat
1339 1629 1525 1684 deinde
1556 1646 1792 1681 oneratus

187 1705 360 1758 Cruce
385 1702 443 1757 ad
472 1708 696 1760 Crucem
726 1708 927 1769 DEUS,
953 1724 1011 1760 ac
1043 1708 1216 1761 medio
1235 1713 1287 1758 in
1316 1711 1492 1759 itinere
1525 1704 1612 1758 sub
1633 1722 1790 1757 onere

182 1784 363 1838 Crucis
387 1781 557 1850 septies
596 1781 854 1835 succubuit
873 1821 886 1843 ,
930 1802 987 1840 ac
1051 1785 1339 1858 sanguinare
1397 1787 1565 1852 coepit.
1643 1772 1788 1835 Heu!

181 1858 329 1928 quale
353 1855 575 1928 pondus,
605 1877 706 1929 quo
730 1865 1022 1929 opprimitur
1039 1866 1133 1926 ipre
1161 1854 1360 1914 DEUS!
1387 1860 1624 1913 Tandem
1650 1857 1790 1909 ferali

181 1933 356 1986 lancea
391 1950 619 2002 apertum
662 1936 782 1987 latus
818 1936 1027 1990 residuas
1066 1941 1314 2009 sanguinis
1347 1953 1507 2010 guttas
1541 1941 1590 1987 in
1620 1935 1789 1989 Cruce

183 2009 344 2065 emisa
382 2033 394 2063 :
435 2012 561 2069 Ecce
578 2021 659 2080 Jut.
688 2008 986 2083 EmptioniS!
1044 2014 1173 2067 Vide
1200 2052 1213 2071 ,
1252 2012 1528 2067 Timothee
1558 2049 1572 2071 ,
1610 2011 1786 2083 quanti

311 2085 548 2143 venditur
572 2104 716 2144 tuum
743 2082 857 2143 cor!
903 2090 1115 2143 solutum
1145 2091 1213 2144 est
1242 2105 1404 2145 totum
1430 2094 1659 2165 pretium.

699 2167 904 2232 Redde,
934 2167 1071 2240 quod
1088 2165 1250 2221 debes.

1618 2319 1687 2372 11.
1724 2315 1782 2371 In
