1888 2584
783 35 1160 104 fflfflffl&
1722 42 1780 101 ⁸⁷3

150 159 292 235 quod
342 159 481 216 sciret
517 198 530 223 ,
580 154 773 213 divinas
806 163 1010 212 virtutes
1039 197 1053 221 ,
1074 159 1140 212 ibi
1170 157 1234 214 ad
1286 161 1461 216 vivum
1492 155 1769 231 descriptas.

152 244 412 293 contineri.
496 237 614 291 Non
663 239 725 289 ita
754 237 924 288 limaci
954 239 1033 289 sua
1071 235 1387 290 domuncula
1428 274 1442 295 ,
1485 253 1544 289 ac
1580 235 1767 291 Stanis-

151 317 234 371 lao
273 313 480 387 pretiosa
518 314 630 366 sunt
666 312 746 368 sua
787 313 962 368 statuta
1001 331 1014 362 :
1052 333 1311 388 nunquam
1340 311 1529 387 pondus
1568 312 1764 387 deponit

150 405 390 450 amatum.

315 467 478 518 Annis
502 468 720 518 omnino
756 467 955 539 triginta
988 506 1001 527 ,
1041 463 1319 518 Timothee
1344 504 1358 528 ,
1402 465 1577 519 latebat
1603 464 1755 519 Chri·

146 544 247 599 stus
284 581 298 605 ‚
338 549 392 596 δε
446 541 727 612 parentibus
767 560 871 595 erat
926 542 1142 595 subditus
1177 578 1192 602 ,
1233 559 1284 594 ut
1322 542 1661 596 obedientiam
1707 558 1756 595 te

143 623 361 675 doceret.
444 617 697 688 Nunquid
736 615 951 673 difficilis
990 619 1135 671 lcffio
1164 656 1179 680 ,
1219 637 1327 689 quae
1374 634 1445 670 tot
1482 624 1624 671 annis
1663 618 1753 674 do-

140 701 242 751 ceri
301 693 475 748 debuit
516 709 530 749 ?
580 694 733 748 Porro
789 709 843 748 ut
893 694 1097 748 infimus
1136 693 1190 748 fit
1225 730 1241 755 ,
1303 694 1533 748 maxime
1577 712 1750 748 tamen

142 771 437 828 necessarius
475 769 772 824 obedientiae
821 769 1004 843 gradus
1043 772 1113 826 est
1154 808 1169 831 ‚
1217 771 1472 824 observare
1520 771 1761 827 sanaim-

141 850 228 902 me
271 885 284 908 ,
339 866 450 916 qua:
504 848 680 900 DEUS
736 847 936 899 homini
994 851 1208 919 graviter
1275 846 1521 918 prohibita
1580 850 1748 900 voluit.

140 927 257 980 Hoc
283 921 430 975 habet
459 926 612 993 impia
648 922 890 994 Sacrilega
917 961 929 980 ,
963 927 1181 996 ingrata,
1222 923 1485 976 maledieta
1525 922 1751 996 Synago-

135 1020 197 1074 ga
223 1037 237 1060 ,
264 998 401 1070 quod
428 1004 526 1064 jam
561 997 613 1049 fit
652 998 866 1053 Ecclesia
905 997 1007 1051 fine
1041 1005 1206 1068 capite
1232 1037 1246 1060 ‚
1291 1000 1489 1072 Religio
1516 999 1614 1051 fine
1630 1003 1751 1070 My-

134 1080 285 1133 steriis
305 1114 318 1136 ,
340 1075 477 1127 Fides
506 1074 606 1126 fine
642 1079 845 1127 veritate
868 1112 884 1135 ‚
923 1074 1147 1144 Synodus
1174 1074 1276 1126 fine
1305 1076 1750 1146 potestate,Tem-·

134 1157 271 1224 plum
291 1151 390 1203 sine
417 1149 692 1210 sacerdote,
710 1152 808 1203 Ara
824 1150 926 1204 fine
953 1151 1216 1213 sacrificio,
1256 1151 1600 1205 Sanstuarium
1646 1154 1746 1208 fine

132 1229 292 1283 DEO.
371 1226 465 1279 Sed
508 1231 646 1279 enim
679 1243 841 1295 pereat
886 1229 1049 1279 vetula
1085 1229 1162 1279 illa
1193 1263 1207 1286 ‚
1246 1235 1298 1280 ὃς
1334 1226 1534 1282 dudum
1577 1246 1742 1300 putre.

126 1307 232 1358 dini
261 1318 452 1356 matura
480 1303 754 1375 Synagoga.
820 1304 983 1369 Major
1010 1303 1315 1356 abominatio
1349 1306 1419 1358 est
1444 1304 1600 1357 homo
1626 1325 1738 1376 pec·

127 1398 279 1433 cator.
356 1378 967 1443 ExtinctajacetCharitas
993 1401 1006 1430 .·
1049 1381 1188 1434 Fides
1202 1380 1438 1434 semiviva
1465 1382 1627 1435 reticita
1651 1384 1738 1438 est.-

126 1458 242 1524 Spes
275 1457 503 1527 languet:
542 1453 816 1508 Prudentia
831 1462 1026 1509 excutit
1052 1474 1063 1504 τ
1100 1473 1335 1509 enervata
1361 1458 1430 1511 est
1456 1458 1740 1514 Fortitudo:

133 1532 497 1601 Temperantia
524 1530 687 1584 diruta
714 1553 728 1583 :
766 1533 946 1595 Iustitia
973 1548 1202 1605 corrupta
1227 1535 1457 1606 :&quod
1484 1535 1735 1590 malorum

125 1613 362 1661 omnium
381 1608 603 1679 epilogus
619 1647 630 1667 ,
650 1608 868 1678 perditus
906 1609 1097 1664 DEUS.
1174 1610 1394 1671 Falleris,
1419 1608 1450 1660 fi
1466 1648 1477 1669 ‚
1494 1628 1592 1681 qua
1615 1611 1734 1663 faci·

123 1686 258 1737 litate
284 1685 477 1752 pellitur
504 1684 727 1739 Christus
765 1724 779 1748 ,
806 1686 985 1739 eadem
1029 1701 1166 1756 putes
1192 1685 1380 1739 reduci.
1429 1688 1575 1738 Illum
1594 1724 1608 1746 ,
1641 1685 1733 1740 niti

121 1760 380 1815 Herodem
407 1762 649 1824 amiseris,
683 1780 786 1814 non
802 1765 1040 1833 acquires,
1121 1765 1285 1835 Reges
1311 1762 1437 1815 duos
1475 1764 1614 1816 tellus
1631 1782 1732 1817 una

120 1855 225 1889 non
250 1841 390 1908 capit.
436 1839 665 1910 Regnare
681 1838 905 1893 Herodes
930 1856 1046 1891 curn
1065 1837 1266 1892 Christo
1282 1857 1386 1891 non
1403 1840 1546 1905 vult3
1577 1839 1729 1893 Chri.

119 1914 219 1966 stus
241 1930 359 1965 cum
387 1912 590 1968 Herode
615 1931 722 1966 non
738 1915 908 1983 potest.
990 1914 1155 1986 Magis
1181 1913 1206 1964 a
1223 1930 1428 1984 peccato
1445 1913 1589 1969 distat
1612 1918 1728 1971 DE-

120 1989 203 2041 US
217 1987 614 2061 ‚quamaBorea
638 1989 870 2043 Auster·
856 2027 872 2057 ,
910 1996 961 2044 &
989 1988 1178 2043 facilius
1205 1994 1256 2041 in
1282 1990 1466 2043 eodem
1496 1991 1617 2046 nido
1643 2011 1726 2046 ac·

116 2070 409 2137 cipitrem&
434 2063 774 2129 columbam,
797 2071 848 2119 in
877 2065 1055 2120 eadem
1083 2068 1227 2135 specu
1241 2067 1410 2136 lupum
1440 2075 1492 2120 &
1516 2085 1731 2141 agnum,

116 2159 342 2213 quarum
365 2139 548 2196 eodem
564 2141 1020 2214 cordepeccatum,
1042 2144 1316 2198 &DEUM
1339 2161 1561 2214 repones.
1639 2145 1725 2201 Ad

126 2224 305 2275 vivum
337 2218 432 2273 suis
453 2217 704 2276 coloribus
731 2218 1015 2293 depingitur
1044 2235 1361 2292 peccatum,
1385 2218 1557 2276 dum
1535 2240 1563 2274 a
1586 2238 1722 2294 patre

921 2299 962 2351 L
1006 2314 1035 2347 2.
1591 2301 1716 2354 Dia-
