1888 2584
156 71 222 123 ω
582 18 585 20 ’
772 63 1141 131 mma&

159 197 266 236 tem
293 203 319 247 ;
345 179 560 236 demum
590 200 757 237 arcem
786 185 979 240 invadit
1011 224 1026 248 ,
1046 183 1286 240 vexillum
1319 190 1461 260 erigit
1484 227 1498 251 ‚
1528 194 1581 243 δε
1607 191 1771 245 cordis

159 263 230 311 tui
244 258 510 313 dominum
529 260 574 312 se
597 263 865 323 constituit,
945 264 1072 320 Ecce
1098 301 1111 324 ,
1148 263 1408 333 quomodo
1435 269 1485 317 in
1513 270 1637 319 rima
1666 272 1769 320 rui-

158 352 277 388 nam
307 372 322 395 ‚
349 339 402 387 in
429 336 637 390 scintilla
667 338 968 392 incendium
1007 338 1275 393 meditetur
1300 344 1318 392 .'
1358 342 1586 411 Irrepunt
1615 360 1761 411 parva

160 409 422 482 versipellis
457 414 606 467 instar
658 415 925 487 vulpeculae
961 454 973 477 ,
1000 422 1054 470 δε
1086 413 1200 468 ideo
1227 415 1366 470 facile*
1395 417 1767 471 admittuntur.-

159 505 346 561 magna
363 524 378 548 ,
394 493 510 559 quia
527 495 808 560 irrumpere
823 509 1073 544 conantur
1095 492 1258 564 aperte
1275 529 1288 551 ‚
1303 494 1580 546 excludunt
1596 500 1640 546 se
1658 496 1766 565 ipsa,

156 564 313 616 Parva
330 563 520 618 filentio
534 566 620 618 suo
639 568 814 620 fallunt
830 568 1059 621 excubias
1090 592 1101 622 :
1125 586 1308 643 magna
1333 571 1530 640 strepitu
1548 575 1768 624 excitant

156 638 489 711 praefidiarios‚
570 642 839 697 Tenuitate
880 646 964 697 sua
994 661 1250 716 penetrant
1287 650 1528 698 minima:
1557 646 1766 699 suamo-

155 716 409 790 leingredi
447 717 772 789 prohibentur
810 720 1033 794 grandia.
1111 722 1235 774 Non
1286 720 1430 773 facile
1479 722 1644 774 fauces
1670 723 1765 774 ob·

157 794 410 847 struuntur
425 794 523 846 offe
550 797 917 849 carnisbubulae
939 818 963 859 ,·
990 815 1092 849 non
1115 797 1400 850 comeditur
1427 836 1441 858 ,
1475 801 1592 868 quia
1622 816 1764 872 mag-

160 887 289 922 num
308 871 390 923 est.
439 873 612 924 Multis
635 873 1132 943 interclufitspiritum
1148 874 1276 943 spina
1302 874 1502 942 piscium
1523 897 1548 936 ,·
1578 875 1766 928 haecat-

160 944 368 998 trahitur
413 948 654 1001 incautius
672 988 684 1009 ‚
710 955 828 1019 quia
853 955 1066 1001 minima
1091 951 1175 1001 est.
1256 948 1350 1000 Sed
1377 951 1480 1002 esto
1504 967 1519 1014 3
1550 954 1764 1005 mortale

158 1029 354 1075 crimen
383 1040 489 1074 non
505 1023 875 1090 admittastjam
894 1030 1104 1099 graviter
1120 1023 1249 1077 ruisti
1266 1059 1280 1081 ,
1306 1023 1431 1076 dum
1450 1026 1624 1078 leviter
1650 1045 1762 1097 pec·

158 1097 290 1150 casti.
371 1100 549 1153 Gravis
575 1102 716 1168 culpa
744 1102 812 1154 est
837 1139 850 1162 ,
889 1119 998 1172 quae
1037 1101 1182 1154 DEO
1212 1098 1507 1152 adversatur.
1586 1104 1764 1156 Gravis

156 1179 368 1240 injuria,
408 1193 515 1245 quae
539 1178 683 1231 DEO
711 1179 937 1231 insertur.
1017 1179 1180 1230 Grave
1209 1178 1401 1229 malum
1420 1214 1432 1236 ‚
1457 1176 1595 1246 quod
1612 1186 1765 1244 majus

155 1253 256 1311 est,
284 1249 437 1323 quam
473 1258 704 1306 omnium
728 1259 952 1326 gentium
981 1251 1299 1324 depopulatio
1338 1287 1352 1310 »
1385 1250 1536 1322 (Ῑῑῐὲῦ)
1561 1271 1759 1305 creatu-

155 1346 269 1381 tum
291 1332 527 1382 omnium
554 1334 774 1383 interitus
804 1368 818 1390 ,
846 1329 998 1403 quiim
1028 1328 1184 1402 ipsum
1214 1331 1362 1381 totius
1387 1328 1596 1379 universi
1624 1337 1762 1383 exci-

158 1404 323 1459 dium.
402 1403 591 1458 Sufficit
614 1406 808 1465 dicere,
835 1422 1096 1478 peccatum
1127 1406 1321 1457 veniale
1365 1402 1462 1455 esse
1497 1406 1758 1473 quandam

158 1482 415 1534 ae‘tionem
457 1521 471 1543 ‚
522 1502 633 1554 quae
668 1485 812 1536 DEO
838 1483 1072 1554 displicet.
1153 1481 1277 1531 Satis
1313 1479 1397 1532 est.
1474 1481 1554 1532 Ah
1595 1486 1612 1532 Ι
1652 1484 1761 1554 Qui

158 1557 265 1612 fieri
279 1559 433 1632 potest
449 1596 462 1618 ,
488 1564 605 1610 utin
623 1558 831 1612 homine
848 1560 951 1613 haec
978 1558 1080 1610 duo
1104 1569 1405 1609 concurrant
1427 1594 1438 1614 ‚
1460 1558 1761 1630 cognoscere

389 1635 701 1712 &profiteri‚
726 1635 770 1687 se
798 1655 969 1689 amare
987 1636 1192 1689 DEUM
1221 1671 1232 1690 ,
1267 1640 1317 1687 δε
1343 1647 1515 1685 tamen

669 1712 755 1783 ipsi
791 1712 1046 1784 displicere
1084 1712 1252 1764 velle?

782 2013 806 2021 .,
957 2010 984 2014 ,Ἀ
1059 2006 1163 2098 ἰὲ.

1568 2327 1767 2393 XXIV?
