1976 2584
206 152 657 228 aliusAngelieam
704 159 975 209 materiem
1015 154 1184 209 decuit
1229 150 1523 226 inquilinus.
1601 151 1833 214 Suaviff-

209 251 301 286 mo
330 238 480 305 genio
509 233 729 284 formam
757 231 1006 284 sociarunt
1035 231 1184 306 longe
1222 231 1545 305 gratiffimam
1569 270 1584 294 ,
1624 237 1830 303 qualem

209 309 296 363 fibi
324 310 562 362 Coele-stes
590 310 742 374 Genij
774 307 1127 368 adsciscerent,
1162 315 1214 363 δε
1245 314 1397 362 virtus
1435 327 1584 379 prope
1621 312 1836 366 Divina:

211 388 343 453 Qtis
365 391 466 452 jam
498 398 680 456 neget,
710 388 1032 456 margaritam
1065 386 1284 438 nostram
1315 383 1830 459 magisCoelo,quam

213 475 355 515 t'errae
381 459 583 514 deberi?
624 469 731 513 Non
767 475 911 513 terra
939 459 1032 513 haec
1061 459 1230 513 debita
1251 464 1419 534 proles,
1499 465 1555 516 Et
1592 464 1711 514 vero
1740 483 1829 538 ag-

208 537 416 590 noscunt
459 536 763 590 beneficium
798 541 922 610 gtati
962 552 1201 608 parentes.
1286 542 1460 610 Qem
1490 536 1518 589 a
1556 540 1703 592 DEO
1741 559 1829 594 ac-

201 613 406 685 cepere,
434 612 594 665 filium
631 615 775 667 DEO
799 613 1037 667 offerunt.
1117 615 1193 666 Fit
1223 613 1544 684 supplicatio3
1580 632 1701 668 cum
1732 635 1828 669 no-

205 707 271 742 vo
293 689 469 755 jesuita
504 704 605 742 erat
641 690 841 759 supplex
878 692 1029 754 JEsus.
1123 691 1307 744 Nullus
1341 689 1474 744 hano
1510 689 1827 761 supplicatio-

203 784 324 820 nem
363 770 576 836 aequavit
605 766 902 836 triumphus.
981 767 1096 819 Pars
1134 767 1495 837 supplicationis
1534 782 1638 819 erat
1666 768 1825 821 Chri-

203 843 327 902 stus,
356 850 406 896 δε
438 841 679 909 spectator
715 842 904 896 Deus.
987 842 1318 894 comitantur
1343 857 1570 912 parentes
1598 881 1612 902 ,
1651 850 1705 897 δι
1735 846 1823 896 lae-

199 932 396 976 tantur,
426 916 550 970 dum
582 916 772 970 donant
790 940 815 982 ,·
854 916 967 969 licet
992 917 1407 991 ignorent‚quod
1429 920 1636 992 sperant.
1679 919 1822 996 Quid

193 994 454 1055 &cereum
483 993 513 1044 si
539 994 705 1046 fututa
732 989 1041 1064 praescirent!

370 1074 505 1126 Huic
531 1088 626 1142 ego
656 1087 704 1122 te
735 1088 956 1144 gemmae
993 1075 1264 1145 geminum
1304 1071 1450 1131 volt),
1500 1068 1822 1138 Timothee5

198 1144 385 1206 redde,
408 1146 544 1217 quod
571 1146 738 1200 debes.
817 1148 1050 1219 Figuram
1073 1147 1237 1202 cordis
1262 1152 1336 1201 tui
1367 1149 1670 1221 triangulam
1697 1148 1818 1212 effe,

197 1221 372 1274 docuit
423 1239 469 1272 te
510 1222 745 1274 Etlmicus
781 1222 1106 1290 Philosophus
1130 1262 1143 1283 ,
1180 1241 1235 1277 ut
1271 1222 1630 1296 obligationem
1670 1243 1815 1281 tuam

194 1297 406 1350 disceres
435 1296 758 1349 Christianus.
857 1300 1052 1351 Virtute
1086 1299 1286 1352 Patrem
1335 1337 1351 1361 ‚
1401 1299 1568 1352 colore
1597 1301 1817 1365 Filium.

192 1374 356 1425 calore
383 1373 616 1442 Spiritum
658 1372 896 1425 Sanetum
942 1371 1264 1443 repraesentat.
1351 1376 1623 1447 Progenuit
1661 1378 1814 1430 Divi-

191 1467 286 1501 nus
301 1450 442 1501 Pater
467 1446 678 1500 verbum
712 1450 1010 1512 Divinum5
1064 1454 1317 1523 progignit
1341 1469 1428 1502 cor
1461 1450 1670 1505 verbum
1705 1452 1812 1506 hu-

193 1542 426 1579 manum.
509 1525 761 1596 Sanguine
793 1526 928 1577 velut
955 1543 1169 1596 purpura
1194 1525 1337 1579 rubet
1359 1527 1541 1596 Filius-3,
1588 1528 1730 1582 rubet
1752 1537 1812 1585 δε

188 1619 276 1655 cor
302 1602 439 1652 velut
463 1599 931 1673 porphyrogenitus,
968 1618 1143 1655 natum
1171 1607 1222 1655 in
1259 1620 1506 1671 purpura,
1531 1610 1650 1674 quia
1694 1606 1813 1658 {an--

190 1681 355 1752 guinis
379 1675 611 1737 officina,
638 1695 791 1748 quem
825 1695 909 1749 per
953 1676 1146 1732 fistolen
1183 1677 1427 1732 distribuit
1455 1719 1468 1741 ,
1513 1689 1567 1735 δε
1593 1679 1619 1731 ὲ
1658 1695 1809 1734 motu

190 1754 416 1806 circulari
438 1751 638 1814 fessum,
664 1770 748 1824 per
781 1751 1025 1807 diastolen
1066 1758 1263 1825 excipit.
1346 1764 1410 1824 ἕξ
1461 1756 1620 1811 Ardet
1654 1758 1805 1809 Divi-

190 1847 288 1882 nus
315 1830 542 1901 Spiritus,
570 1834 697 1903 ignis
724 1828 752 1882 e·
777 1830 928 1885 Coelo
955 1829 1143 1895 tri-issue,
1181 1846 1234 1883 ut
1269 1830 1510 1885 accendat
1542 1832 1803 1905 megacos-

189 1923 358 1959 mum.
434 1905 593 1959 Ardet
619 1913 673 1960 δε
698 1923 815 1968 cor,
842 1906 1118 1959 immissum
1147 1912 1382 1976 corpori,
1421 1922 1473 1958 ut
1508 1910 1672 1961 calore
1712 1908 1806 1962 suo

187 1985 356 2038 foveat
385 1983 801 2035 microcosmum.
877 1982 1042 2040 Cura,
1068 1998 1121 2033 ut
1144 1987 1203 2034 ita
1223 1982 1268 2034 se
1291 1981 1675 2038 extendatistud
1705 1988 1801 2038 tri·

190 2058 437 2130 anguium
459 2094 473 2117 ‚
498 2073 562 2108 ne
590 2073 820 2127 unquam
850 2056 1037 2111 deserat
1061 2062 1200 2111 suurn
1235 2075 1468 2111 centrum
1493 2071 1512 2120 t
1562 2059 1675 2113 alias
1707 2064 1796 2112 tri-

190 2135 374 2204 plicem
399 2138 672 2185 committis
700 2134 995 2200 injustitiam.
1075 2137 1181 2188 Aut
1214 2140 1356 2188 enim
1399 2137 1582 2189 Divina
1618 2140 1800 2190 verita&

188 2226 430 2265 nctanon
448 2210 517 2264 est
533 2248 549 2274 ,
568 2224 651 2284 aut
677 2225 780 2285 tota
805 2224 1023 2285 increata
1050 2217 1158 2266 trias
1185 2211 1249 2271 ad
1283 2211 1525 2270 fabricam
1540 2212 1790 2268 cordistui

1000 2289 1053 2349 A
1094 2306 1126 2339 ἃ
1645 2306 1793 2346 com,
