1888 2584
752 56 868 121 ⁴23&
899 60 955 114 »Β
988 55 1112 121 )ἓὲθ
1665 66 1743 122 viz

121 173 1742 273 ffiffiffissffiffiffiffissffiffffifffiffiffiffiffi

279 495 395 550 Uod
421 499 580 552 Lunae
607 513 873 573 argentum
908 501 1036 549 inter
1075 493 1227 551 sidera
1255 534 1268 557 ,
1312 494 1408 549 hoc
1445 496 1555 562 Lilij
1597 497 1740 554 nives

126 497 524 654 Qhortenfia
554 580 682 630 inter
711 576 894 628 florum
923 575 1123 628 decora.
1206 574 1292 625 Illa
1315 591 1408 625 ceu
1428 576 1619 647 Regina
1640 576 1743 626 mi-

122 671 268 706 nores
296 655 422 704 inter
449 657 588 726 ignes
616 652 829 706 chorum
857 651 994 706 ducit
1018 673 1044 715 ‚·
1065 649 1220 709 istud,
1240 650 1373 701 velut
1403 652 1551 703 altera
1580 651 1740 710 Flora}

124 745 424 782 coronatum
456 731 596 798 super
622 732 743 782 alios
772 734 1010 782 verticem
1047 724 1188 779 effert
1229 764 1243 787 ,
1286 733 1337 779 δε
1370 731 1455 779 toti
1479 727 1612 797 quasi
1633 731 1743 792 jura

127 805 310 857 florum
343 804 645 875 Reipublicae
670 806 923 874 dispensat.
1006 803 1250 874 Nymphis
1276 805 1399 857 olim
1440 801 1742 855 sacrificatu-

125 886 166 933 ri
196 897 412 939 vetereS,
441 879 546 950 quo
565 879 772 952 dignam
810 880 1021 934 hostiam
1061 882 1386 932 immolarent
1416 917 1429 942 ‚
1461 880 1620 930 lilium
1649 876 1744 928 ob-

124 958 379 1024 tulerum3
407 959 694 1029 Virginibus
729 975 916 1026 nempe
948 956 1129 1008 florum
1162 959 1452 1030 Virginem,
1492 954 1745 1027 Nymphis

123 1032 413 1085 hortensem
444 1035 610 1086 Deam
632 1050 648 1100 3
672 1037 722 1084 in
756 1050 855 1103 qua
886 1031 1078 1085 candor
1109 1032 1213 1085 sine
1249 1036 1475 1094 macula,
1516 1031 1744 1085 venustas

127 1109 231 1162 fine
257 1108 392 1170 labe,
417 1109 736 1179 pulchritudo
779 1110 883 1163 fine
928 1106 1250 1162 offendiculo.
1332 1106 1621 1161 Protuberat
1646 1125 1743 1160 no-

125 1184 231 1239 bilis
255 1185 358 1237 haec
383 1184 511 1238 horti
534 1185 631 1237 fiha
657 1187 683 1238 ἐ
711 1185 963 1241 foecundis
990 1201 1128 1237 terrae
1163 1185 1428 1238 visceribus
1450 1223 1466 1247 ,
1493 1192 1547 1240 &
1576 1189 1744 1239 viren-

127 1262 252 1312 tibus
293 1261 456 1329 primo
494 1263 734 1314 foliorum
783 1262 1050 1314 constricta
1099 1261 1250 1332 fascijs
1278 1303 1292 1325 ‚
1321 1266 1573 1315 matutino
1599 1278 1739 1322 rore,

125 1336 262 1408 quasi
292 1339 515 1390 Nutricis
549 1339 754 1390 Autorae
788 1339 943 1399 lane,
977 1340 1183 1406 pascitur
1208 1359 1236 1402 ,-
1287 1340 1456 1391 donec
1504 1336 1743 1390 floridam

124 1412 188 1466 ad
214 1426 408 1464 aetatem
439 1418 698 1482 perveniat
722 1450 737 1472 ,
774 1427 926 1484 atque
973 1413 1180 1465 la&eam
1220 1413 1456 1466 foliorum
1494 1430 1740 1484 pompam

125 1488 367 1558 explicet,
391 1488 493 1560 quo
521 1488 871 1559 speEiatoribus
903 1489 1060 1542 oeulis
1096 1489 1300 1560 placeat.
1379 1494 1439 1544 Et
1481 1488 1602 1542 vero
1643 1506 1741 1542 nee

121 1564 288 1631 amafij
313 1563 519 1626 desunt,
549 1571 639 1636 qui
666 1565 917 1637 Nymphae
952 1563 1097 1627 hujus
1132 1567 1446 1620 venustatem
1485 1564 1738 1620 ambiunt.

123 1641 281 1694 Pleno
307 1640 370 1695 ad
401 1641 532 1694 hanc
557 1649 765 1716 agmine
790 1660 906 1714 apes
946 1642 1219 1694 convolant
1243 1679 1257 1701 ‚
1285 1649 1337 1698 δε
1373 1642 1609 1695 melleam
1638 1646 1739 1709 ejus

123 1717 484 1772 amabilitatem
516 1733 783 1789 precantur
814 1723 951 1789 proci
986 1722 1281 1771 innocentes
1306 1740 1332 1783 ,-
1381 1717 1415 1771 fi
1454 1736 1625 1790 procos
1665 1733 1738 1770 ta-

123 1810 246 1847 men
271 1831 285 1854 ‚
312 1803 364 1848 &
395 1813 499 1847 non
525 1798 755 1868 Virgines
781 1794 939 1866 potius
981 1796 1227 1849 innubem
1252 1794 1387 1848 hanc
1422 1810 1625 1868 gentem
1655 1793 1737 1864 di:

123 1873 263 1923 xoris.
347 1873 460 1926 Nec
488 1875 676 1945 ingrata
707 1876 836 1938 Lilijs
875 1871 1110 1939 videntur
1154 1871 1259 1924 haec
1289 1870 1595 1925 meliss'arum
1635 1872 1738 1923 stu-

127 1945 226 1999 dia.
254 1947 532 2019 Argenteos
556 1955 694 2001 enim
721 1951 918 2003 Calices
943 1953 996 2014 ijs
1013 1952 1296 2017 propinant,
1329 1966 1389 1998 ex
1415 1946 1593 2017 quibus
1614 1946 1734 2007 mel,

126 2041 220 2078 cen
246 2029 428 2075 amoris
456 2024 692 2094 philtrum
711 2063 724 2086 ,
750 2023 953 2097 sugunt,
986 2041 1090 2094 quo
1124 2021 1268 2075 ebtiae
1296 2038 1417 2077 totas
1451 2021 1553 2074 dies
1585 2027 1735 2074 inno-

125 2114 298 2151 center
326 2106 452 2153 inter
478 2100 575 2152 lilia
605 2100 903 2154 deliciantur
932 2136 946 2161 ,
985 2102 1216 2172 Virgines
1256 2117 1372 2153 cum
1415 2099 1734 2172 Virginibu3‚

124 2179 420 2252 innoeentes¹
445 2194 564 2252 cum
590 2176 967 2252 innocentibus:
1006 2174 1428 2252 Hospitibttsstdes
1450 2173 1732 2251 dignifflmq

124 2256 310 2306 tantis.

857 2333 896 2386 Ε
942 2349 961 2401 3
1622 2330 1731 2406 Q}
