1888 2584
730 54 856 120 effi(
889 57 943 116 ›1‹
974 49 1096 119 iffi}
1659 62 1757 115 107

131 181 393 240 immerito
415 175 710 236 stanislaum
737 180 930 252 templo
968 188 1283 247 comparares
1307 209 1323 234 ‚
1355 171 1442 226 ubi
1466 167 1584 224 fidei
1613 171 1753 227 Petra

132 262 375 317 fundatur
414 266 466 313 in
521 257 655 311 basin
693 273 710 326 3
747 260 946 310 virtutes
975 258 1232 326 eriguntur
1263 256 1313 303 in
1340 252 1602 303 columnas
1629 267 1646 316 3
1671 249 1748 302 di-

132 345 260 393 vinae
284 342 451 412 gratiae
477 335 809 407 disponuntur
842 338 895 386 in
923 333 1156 386 fenestras
1183 347 1200 397 3
1240 346 1384 380 amor
1414 327 1657 378 exaltatur
1693 331 1747 379 in

131 415 327 469 tholum
352 435 378 477 ,·
417 413 576 466 sensus
602 416 888 484 aperiuntur
914 415 963 463 in
993 422 1151 480 portas
1178 423 1195 475 3
1221 404 1401 459 divinae
1436 402 1602 456 laudes
1635 408 1746 455 ani-

129 506 334 546 mantur
363 494 413 542 in
446 489 687 543 muficam
719 505 736 556 3
770 506 856 541 cor
903 501 1175 540 exornatur
1201 488 1253 535 in
1294 499 1431 534 aram
1462 498 1481 549 3
1515 482 1745 532 voluntas

127 568 447 624 consecratur
465 571 514 618 in
549 564 855 620 sacerdotem
881 587 908 629 ,-
934 561 1229 634 cupiditates
1267 559 1550 611 mactantur
1590 561 1640 607 in
1667 562 1743 608 vi-

124 647 301 700 &imas
328 664 353 707 ,-
392 648 470 714 pia
495 660 643 714 opera
677 639 962 695 offeruntur
1000 646 1051 692 in
1091 635 1339 691 sacrificia.
1420 632 1573 688 Certe
1614 632 1742 686 nihil

127 719 319 775 videbis
347 726 399 771 in
432 720 719 786 hocjuvene
742 718 994 792 Religioso
1021 754 1034 776 ‚
1057 712 1192 786 quod
1211 731 1315 765 non
1346 712 1538 764 sacrum
1559 710 1742 763 horro-

128 816 237 852 rem
281 833 296 856 ‚
344 797 599 849 coelestem
615 795 877 866 quandam
914 797 1251 845 reverentiam
1281 828 1294 851 ,
1323 790 1621 861 religionem
1649 805 1742 839 an.

130 875 349 946 gelicam
426 910 440 933 ‚
514 880 567 924 &
659 871 889 923 divinam
973 867 1108 938 quasi
1187 867 1333 936 spiret
1413 865 1748 928 majestatem·

125 953 195 1003 At
227 951 366 1000 enim
405 948 652 1018 ternplum
695 946 794 999 hoe
836 949 1058 1000 Divinus
1097 947 1225 1016 ignis
1266 938 1474 994 subinde
1497 945 1560 991 ita
1583 944 1741 992 corri-

126 1030 229 1096 puit
270 1063 283 1084 ‚
325 1039 377 1075 ut
412 1024 599 1076 solliciti
639 1038 834 1093 tyrones
872 1019 1201 1074 exclamarint
1228 1019 1401 1090 :ferte
1427 1019 1523 1068 citi
1543 1014 1736 1086 fhntesl

127 1099 320 1157 Verum
377 1100 512 1153 nov&
573 1097 818 1152 miracul&
855 1117 981 1168 aqua
1063 1094 1313 1148 ambiebat
1360 1101 1532 1166 ignem
1581 1133 1594 1153 ‚
1628 1111 1739 1147 non

122 1174 443 1249 extinguebat
471 1199 485 1228 .·
509 1194 684 1247 pacem
716 1183 766 1228 in
782 1174 936 1228 corde
960 1178 1174 1226 retinent
1200 1177 1325 1246 ignis
1352 1179 1404 1226 δι
1436 1187 1578 1240 aqua.
1628 1174 1738 1242 Qui

122 1254 236 1306 alibi
264 1254 424 1306 hostes
454 1292 468 1316 ,
495 1259 547 1305 in
574 1253 812 1306 Stanislao
840 1256 991 1306 amici
1017 1252 1126 1303 sunt
1150 1289 1164 1313 ,
1188 1259 1240 1307 δε
1280 1248 1466 1303 domus
1504 1247 1734 1316 ejusdem

121 1331 373 1401 inquilini.

278 1408 399 1458 Non
438 1404 612 1458 frustra
650 1402 885 1458 imberbis
905 1417 995 1456 ore
1029 1407 1246 1478 pingitur
1281 1403 1500 1457 Divinus
1529 1402 1732 1463 Amor,·'

122 1481 413 1537 Timothee.
455 1483 578 1537 Vult
608 1487 777 1554 imago
806 1480 912 1534 haec
938 1498 1055 1534 cum
1088 1480 1299 1552 parvulis
1322 1480 1516 1549 semper
1544 1479 1734 1531 cresce.

125 1578 196 1612 re.
273 1560 341 1610 Ut
369 1576 524 1611 nemo
562 1559 664 1611 fine
686 1557 838 1612 corde
865 1597 878 1620 ,
904 1562 969 1609 ita
1022 1575 1177 1610 nemo
1228 1559 1350 1609 vivit
1401 1555 1503 1608 fine
1539 1573 1733 1608 amore.

123 1637 339 1689 Felicem
368 1650 416 1687 te
439 1673 454 1698 ,
477 1634 509 1687 si
540 1654 684 1690 amor
712 1652 823 1688 tuus
851 1633 914 1686 ibi
942 1633 1026 1695 fit,
1057 1634 1350 1688 ubiamores
1366 1629 1571 1703 posuisse
1597 1649 1733 1684 nun-

123 1730 279 1782 quam
315 1716 549 1783 poeniteat
589 1705 602 1768 l
683 1714 816 1768 Rara
840 1717 966 1764 inter
994 1710 1231 1765 homines
1269 1713 1490 1763 amicitia
1524 1709 1732 1764 constat.

120 1789 257 1860 Saepe
306 1807 433 1859 quos
483 1807 635 1843 mane
685 1794 920 1858 junxerat
971 1786 1074 1842 dies
1103 1828 1117 1850 ‚
1165 1780 1298 1841 serus
1352 1785 1489 1838 idem
1526 1784 1726 1839 dividit,

121 1867 245 1918 Sunt
276 1866 480 1918 corcula
523 1867 822 1938 plerumque
856 1865 1012 1919 diaria
1050 1903 1063 1926 ,
1103 1864 1321 1924 lubrica,
1346 1870 1400 1917 &
1431 1861 1568 1913 fluxa.
1606 1861 1726 1916 fide-

124 1943 246 1995 Sunt
304 1943 473 2012 pluma
511 1941 668 2017 magis
704 1946 895 2014 plumei
936 1979 951 2001 ,
984 1948 1037 1996 δε
1066 1940 1195 1994 vitro
1233 1936 1394 2010 magis
1437 1943 1578 1991 vitrei
1611 1975 1628 1999 ,
1653 1943 1734 1992 in-

124 2021 266 2093 digni
307 2024 457 2071 amici
486 2026 714 2080 nomine,
792 2018 870 2071 Sic
902 2033 1037 2071 amat
1070 2022 1259 2071 amicus
1295 2012 1499 2085 Pylades
1520 2053 1536 2074 ‚
1565 2029 1727 2068 utne-

125 2101 254 2149 mini
295 2093 363 2147 bis
392 2094 445 2147 fit
484 2101 686 2149 amicus·
764 2096 842 2148 Sic
872 2109 1007 2147 amat
1046 2101 1236 2149 amicus
1259 2093 1433 2149 DEUS
1461 2131 1475 2154 ,
1499 2106 1551 2143 ut
1579 2110 1722 2144 amo-

125 2191 234 2226 rem
260 2188 471 2225 aeternus
496 2173 681 2233 foveat,
760 2174 923 2228 Elatus
939 2177 989 2224 in
1004 2182 1157 2231 crucis
1174 2171 1466 2225 cathedram
1486 2170 1726 2242 Magister

127 2249 210 2310 hic
238 2253 340 2304 veri
363 2254 545 2305 amoris
573 2288 590 2316 ‚
612 2248 848 2307 idiomate
865 2255 1145 2306 amantium
1176 2247 1380 2325 posthac
1412 2247 1728 2324 loquutumS,

874 2328 927 2382 O
971 2344 1002 2378 2
1635 2340 1727 2377 ore
