1888 2584
164 67 226 121 ⁸3
777 68 1134 138 fflfflffl

165 207 279 244 tum
307 189 452 243 sume
487 189 657 245 cibum
681 191 904 245 fortium.
977 193 1386 251 GenerosusDEI
1411 194 1605 267 sanguis
1619 200 1777 248 maio.

166 285 242 319 res
259 265 459 319 mund&
478 305 492 326 ,
517 273 569 321 δε
585 265 759 341 dignos
773 270 918 323 DEO
933 268 1017 321 tibi
1030 271 1215 341 spiritus
1226 273 1386 327 faciet.
1439 270 1656 325 Achilles
1675 272 1774 326 esse

164 343 654 414 incipies‚postquam
673 360 721 398 te
746 345 1034 410 Leo-Judae
1047 348 1280 401 medullis
1296 348 1548 418 suispavit.
1589 350 1687 402 Vix
1725 350 1774 400 se

159 417 273 471 chr
296 420 389 471 stus
403 420 663 491 Discipulis
677 422 924 491 apposuit,
943 440 1047 475 non
1071 422 1349 484 dubitabat,
1365 424 1528 494 aspera
1557 441 1771 495 quaeque

161 498 443 566 praedicere.
509 497 666 549 Norat
694 496 928 551 videlicet
957 536 975 559 ,
1014 505 1186 553 terreri
1208 518 1311 553 non
1338 500 1470 570 posse
1491 537 1507 560 ,
1535 518 1661 572 quos
1686 501 1771 553 tali

156 573 384 624 amuleto
399 570 629 626 adversus
645 591 857 628 ornnem
884 590 1077 629 metum
1107 581 1404 630 muniverat.
1485 579 1555 631 Ex
1574 594 1677 648 quo
1693 577 1766 628 se-

151 648 313 717 ipsum
341 652 393 699 in
420 649 648 719 suprema
671 667 821 705 coena
843 649 1077 726 deglutiit
1099 654 1262 706 Amor
1273 651 1472 706 divinus
1488 689 1502 713 ,
1519 667 1767 722 concepto

151 728 270 798 igne
283 725 443 778 statim
456 724 732 780 febricitare
743 732 893 798 coepit
909 750 932 789 ‚-
947 736 999 782 δε
1013 729 1250 782 caenaculi
1264 732 1430 790 ,etiam
1450 727 1762 799 capaciffimf,

148 818 254 853 non
280 800 442 855 ferens
455 819 587 874 angu
597 805 705 859 stias
730 841 744 862 ‚
779 809 830 856 in
848 823 1014 876 aperta
1033 805 1163 858 horti
1178 805 1378 876 profilijt
1395 844 1408 866 ,
1424 819 1478 857 ut
1495 805 1761 875 respiraret.

153 877 423 948 Postquam
439 894 671 949 expertus
698 880 768 933 est
796 917 811 939 ,
837 886 988 936 etiam
1016 886 1189 934 iterata
1221 881 1473 953 sanguinis
1498 879 1762 933 emissione

144 953 375 1007 ardorem
404 971 509 1005 non
539 959 702 1009 minui
734 995 749 1018 ‚
777 972 1064 1028 tegumenta
1088 956 1265 1023 abjecit
1289 993 1305 1017 ,
1333 964 1387 1010 δε
1417 957 1680 1009 reclinatus
1707 960 1758 1008 in

143 1027 616 1090 Cruce,liberiorem
633 1039 800 1083 aerem
817 1031 981 1085 nudus
993 1037 1223 1102 captavit,
1302 1034 1370 1085 Ita
1385 1048 1635 1103 nusquam
1654 1035 1754 1086 mi-

145 1104 263 1167 οὺς,
280 1103 433 1176 quam
462 1109 512 1157 in
529 1106 979 1171 visceribu3,celari
1001 1109 1157 1180 potest
1182 1107 1417 1162 Christus.
1501 1109 1667 1160 Nullae
1681 1107 1756 1160 sa·

142 1186 203 1235 tis
229 1198 348 1234 eum
375 1181 570 1234 latebrae
584 1198 760 1256 tegunt
782 1221 797 1245 ,
820 1203 974 1256 quem
997 1184 1320 1257 magnitude,
1337 1190 1391 1238 δι
1410 1202 1649 1237 numerus
1664 1183 1754 1235 be-

139 1257 436 1311 neficiorum
471 1257 672 1333 detegit.
750 1260 878 1314 Illud
906 1279 1035 1314 ¹eave
1065 1298 1079 1320 ‚
1105 1278 1170 1313 ne
1198 1261 1413 1332 pollutus
1435 1258 1652 1312 accedas.
1707 1261 1753 1312 1-

136 1333 314 1389 dolum
342 1334 500 1406 Priapi
538 1341 590 1387 in
620 1337 830 1394 Cedron
857 1336 1092 1391 demerfit
1131 1339 1223 1390 Asa
1242 1357 1264 1397 ,·
1289 1344 1342 1391 &
1368 1338 1493 1390 Ecce
1532 1333 1549 1396 l
1586 1333 1753 1388 Subita

133 1412 368 1485 gliscente
413 1410 621 1464 flamma
658 1411 686 1463 ὲ
712 1431 936 1466 torrente
951 1429 1169 1465 torretur
1204 1412 1417 1466 idolum.
1461 1410 1605 1484 Quid
1651 1416 1748 1466 ita?

135 1493 281 1558 Aqua
315 1525 330 1548 ‚
367 1504 479 1556 qua:
518 1494 771 1564 virgineos
812 1490 1000 1545 Christi
1046 1488 1192 1560 pedes
1219 1490 1343 1541 ,olim
1371 1485 1580 1541 libatura
1603 1503 1744 1550 erat,—

129 1564 199 1616 ob
237 1569 448 1634 impurae
495 1568 722 1638 imaginis
749 1569 987 1620 astatium
1024 1564 1153 1636 prius
1183 1569 1301 1637 igne
1341 1565 1531 1617 lustrari
1558 1562 1746 1618 debuit.

130 1642 244 1693 Plus
267 1639 401 1693 audi.
485 1639 777 1697 Profanatus
803 1642 942 1707 Judae
979 1643 1149 1695 osculo
1172 1642 1393 1695 Salvator
1410 1659 1523 1693 tuus
1550 1638 1612 1694 ad
1629 1638 1742 1692 Pat-

126 1722 191 1770 ris
207 1716 371 1768 oscula
403 1721 575 1768 venire
604 1718 826 1780 horruit,
866 1717 1033 1771 donee
1069 1718 1116 1770 se
1150 1716 1280 1789 prius
1307 1716 1406 1787 qua
1440 1717 1558 1769 felle
1579 1752 1597 1776 ‚
1639 1716 1739 1787 qua

122 1808 271 1848 aceto
296 1792 413 1844 lavit
456 1815 468 1845 :
506 1793 712 1847 tandem
744 1799 895 1848 etiam
939 1794 1140 1867 spongia
1184 1792 1441 1867 detergere
1476 1794 1637 1847 voluit
1666 1831 1681 1854 ,
1703 1791 1738 1844 fi

123 1869 243 1940 quid
260 1873 309 1920 in
331 1867 465 1933 labiis
487 1867 551 1920 de
565 1870 730 1926 osculo
743 1869 1020 1941 superesset.
1097 1872 1274 1941 Itaque
1295 1884 1542 1923 cortuum
1577 1886 1750 1928 muna

122 1946 246 2001 dum
281 1947 415 1996 serva
449 1983 461 2004 ,
497 1947 634 2015 quod
661 1947 810 2000 sibiin
832 1946 1145 2017 sepulchrum
1171 1945 1370 2001 divinus
1397 1964 1540 2000 amor
1572 1946 1735 2020 elegit.

272 2023 467 2096 Cogita„
480 2020 617 2092 qued
635 2024 679 2075 se
694 2027 903 2077 voluerit
915 2022 1050 2095 apud
1068 2027 1290 2076 amicum
1305 2021 1575 2092 deponere,

443 2115 509 2152 ne
554 2114 681 2155 totus
706 2103 888 2156 effctin
922 2100 1157 2172 potestate
1178 2098 1413 2155 hostium.

1522 2326 1716 2387 xxm.
