<?xml version="1.0" encoding="UTF-8"?>
<!DOCTYPE html PUBLIC "-//W3C//DTD XHTML 1.0 Transitional//EN"
    "http://www.w3.org/TR/xhtml1/DTD/xhtml1-transitional.dtd">
<html xmlns="http://www.w3.org/1999/xhtml" xml:lang="en" lang="en">
 <head>
  <title>
</title>
<meta http-equiv="Content-Type" content="text/html;charset=utf-8" />
  <meta name='ocr-system' content='tesseract 3.04.00' />
  <meta name='ocr-capabilities' content='ocr_page ocr_carea ocr_par ocr_line ocrx_word'/>
</head>
<body>
  <div class='ocr_page' id='page_1' title='image "./philosophiasacra00zetl_0176.png"; bbox 0 0 1888 2584; ppageno 0'>
   <div class='ocr_carea' id='block_1_1' title="bbox 142 49 1223 115">
    <p class='ocr_par' dir='ltr' id='par_1_1' title="bbox 142 49 1223 115">
     <span class='ocr_line' id='line_1_1' title="bbox 142 49 1223 115; baseline 0.003 -18"><span class='ocrx_word' id='word_1_1' title='bbox 142 53 239 101; x_wconf 79' lang='lat'>106</span> <span class='ocrx_word' id='word_1_2' title='bbox 867 50 983 115; x_wconf 47' lang='lat' dir='ltr'>Q(</span> <span class='ocrx_word' id='word_1_3' title='bbox 1015 54 1068 108; x_wconf 56' lang='grc' dir='ltr'>ὦ</span> <span class='ocrx_word' id='word_1_4' title='bbox 1101 49 1223 115; x_wconf 48' lang='lat' dir='ltr'>E&amp;</span> 
     </span>
    </p>
   </div>
   <div class='ocr_carea' id='block_1_2' title="bbox 126 169 1765 2236">
    <p class='ocr_par' dir='ltr' id='par_1_2' title="bbox 126 169 1765 781">
     <span class='ocr_line' id='line_1_2' title="bbox 137 169 1756 245; baseline 0.003 -20"><span class='ocrx_word' id='word_1_5' title='bbox 137 189 239 244; x_wconf 89' lang='lat' dir='ltr'>que</span> <span class='ocrx_word' id='word_1_6' title='bbox 265 169 520 225; x_wconf 85' lang='lat' dir='ltr'>elemento</span> <span class='ocrx_word' id='word_1_7' title='bbox 560 170 852 243; x_wconf 80' lang='lat' dir='ltr'>profanatur</span> <span class='ocrx_word' id='word_1_8' title='bbox 891 172 1226 226; x_wconf 55' lang='lat' dir='ltr'>sanctuarium</span> <span class='ocrx_word' id='word_1_9' title='bbox 1271 211 1284 235; x_wconf 91' lang='lat'>,</span> <span class='ocrx_word' id='word_1_10' title='bbox 1323 189 1426 245; x_wconf 89' lang='lat' dir='ltr'>quo</span> <span class='ocrx_word' id='word_1_11' title='bbox 1449 172 1756 230; x_wconf 74' lang='lat' dir='ltr'>lustrabatur.</span> 
     </span>
     <span class='ocr_line' id='line_1_3' title="bbox 135 247 1756 319; baseline 0.001 -18"><span class='ocrx_word' id='word_1_12' title='bbox 135 247 382 319; x_wconf 76' lang='lat' dir='ltr'>Liquescit</span> <span class='ocrx_word' id='word_1_13' title='bbox 405 247 623 318; x_wconf 82' lang='lat' dir='ltr'>lampas,</span> <span class='ocrx_word' id='word_1_14' title='bbox 648 252 815 301; x_wconf 84' lang='lat' dir='ltr'>aeterni</span> <span class='ocrx_word' id='word_1_15' title='bbox 858 248 965 300; x_wconf 90' lang='lat' dir='ltr'>solis</span> <span class='ocrx_word' id='word_1_16' title='bbox 1001 249 1193 301; x_wconf 74' lang='lat' dir='ltr'>aemula.</span> <span class='ocrx_word' id='word_1_17' title='bbox 1246 255 1357 314; x_wconf 73' lang='lat' dir='ltr'>Jam</span> <span class='ocrx_word' id='word_1_18' title='bbox 1397 249 1521 303; x_wconf 88' lang='lat' dir='ltr'>nihil</span> <span class='ocrx_word' id='word_1_19' title='bbox 1546 253 1639 313; x_wconf 83' lang='lat' dir='ltr'>est,</span> <span class='ocrx_word' id='word_1_20' title='bbox 1667 252 1756 306; x_wconf 80' lang='lat' dir='ltr'>nisi</span> 
     </span>
     <span class='ocr_line' id='line_1_4' title="bbox 137 325 1755 396; baseline 0.002 -17"><span class='ocrx_word' id='word_1_21' title='bbox 137 327 325 394; x_wconf 80' lang='lat' dir='ltr'><strong>lampas</strong></span> <span class='ocrx_word' id='word_1_22' title='bbox 373 343 477 376; x_wconf 85' lang='lat' dir='ltr'>una</span> <span class='ocrx_word' id='word_1_23' title='bbox 511 361 526 383; x_wconf 91' lang='lat'>‚</span> <span class='ocrx_word' id='word_1_24' title='bbox 562 340 723 378; x_wconf 86' lang='lat' dir='ltr'>totum</span> <span class='ocrx_word' id='word_1_25' title='bbox 763 325 1027 396; x_wconf 86' lang='lat' dir='ltr'>templum.</span> <span class='ocrx_word' id='word_1_26' title='bbox 1109 327 1331 379; x_wconf 74' lang='lat' dir='ltr'>Armillae</span> <span class='ocrx_word' id='word_1_27' title='bbox 1363 366 1376 387; x_wconf 87' lang='lat'>‚</span> <span class='ocrx_word' id='word_1_28' title='bbox 1419 335 1473 383; x_wconf 73' lang='grc' dir='ltr'>δε</span> <span class='ocrx_word' id='word_1_29' title='bbox 1525 327 1755 383; x_wconf 76' lang='lat' dir='ltr'>mundns</span> 
     </span>
     <span class='ocr_line' id='line_1_5' title="bbox 140 400 1759 471; baseline 0.002 -16"><span class='ocrx_word' id='word_1_30' title='bbox 140 403 459 455; x_wconf 73' lang='lat' dir='ltr'>faeminarum</span> <span class='ocrx_word' id='word_1_31' title='bbox 492 401 653 471; x_wconf 83' lang='lat' dir='ltr'>praeda</span> <span class='ocrx_word' id='word_1_32' title='bbox 669 403 811 465; x_wconf 84' lang='lat' dir='ltr'>sunt,</span> <span class='ocrx_word' id='word_1_33' title='bbox 837 407 965 454; x_wconf 84' lang='lat' dir='ltr'>inter</span> <span class='ocrx_word' id='word_1_34' title='bbox 992 400 1421 457; x_wconf 80' lang='lat' dir='ltr'>incendiarium&amp;</span> <span class='ocrx_word' id='word_1_35' title='bbox 1456 404 1759 459; x_wconf 76' lang='lat' dir='ltr'><strong>incendium</strong></span> 
     </span>
     <span class='ocr_line' id='line_1_6' title="bbox 138 477 1758 552; baseline -0.002 -20"><span class='ocrx_word' id='word_1_36' title='bbox 138 477 306 532; x_wconf 85' lang='lat' dir='ltr'>divisa.</span> <span class='ocrx_word' id='word_1_37' title='bbox 387 477 642 531; x_wconf 78' lang='lat' dir='ltr'>Incumbit</span> <span class='ocrx_word' id='word_1_38' title='bbox 672 480 832 549; x_wconf 82' lang='lat' dir='ltr'>spoliis</span> <span class='ocrx_word' id='word_1_39' title='bbox 868 477 1109 548; x_wconf 83' lang='lat' dir='ltr'>praedator</span> <span class='ocrx_word' id='word_1_40' title='bbox 1140 484 1267 552; x_wconf 84' lang='lat' dir='ltr'>ignis</span> <span class='ocrx_word' id='word_1_41' title='bbox 1307 504 1318 534; x_wconf 70' lang='grc' dir='ltr'><strong>ι</strong></span> <span class='ocrx_word' id='word_1_42' title='bbox 1360 488 1758 551; x_wconf 78' lang='lat' dir='ltr'>quiavarusjux-</span> 
     </span>
     <span class='ocr_line' id='line_1_7' title="bbox 141 553 1759 628; baseline 0.004 -23"><span class='ocrx_word' id='word_1_43' title='bbox 141 569 189 606; x_wconf 88' lang='lat' dir='ltr'>ta</span> <span class='ocrx_word' id='word_1_44' title='bbox 226 572 283 606; x_wconf 89' lang='lat' dir='ltr'>ac</span> <span class='ocrx_word' id='word_1_45' title='bbox 308 553 542 627; x_wconf 81' lang='lat' dir='ltr'>prodigus</span> <span class='ocrx_word' id='word_1_46' title='bbox 573 593 587 615; x_wconf 92' lang='lat'>,</span> <span class='ocrx_word' id='word_1_47' title='bbox 631 555 883 627; x_wconf 87' lang='lat' dir='ltr'>quidquid</span> <span class='ocrx_word' id='word_1_48' title='bbox 925 560 1049 625; x_wconf 83' lang='lat' dir='ltr'>rapit</span> <span class='ocrx_word' id='word_1_49' title='bbox 1093 593 1107 615; x_wconf 90' lang='lat'>,</span> <span class='ocrx_word' id='word_1_50' title='bbox 1149 573 1414 609; x_wconf 85' lang='lat' dir='ltr'>momento</span> <span class='ocrx_word' id='word_1_51' title='bbox 1454 557 1694 628; x_wconf 85' lang='lat' dir='ltr'>decoquit</span> <span class='ocrx_word' id='word_1_52' title='bbox 1732 581 1759 623; x_wconf 84' lang='lat'>‚-</span> 
     </span>
     <span class='ocr_line' id='line_1_8' title="bbox 138 631 1765 705; baseline 0.002 -19"><span class='ocrx_word' id='word_1_53' title='bbox 138 639 193 686; x_wconf 72' lang='grc' dir='ltr'>δε</span> <span class='ocrx_word' id='word_1_54' title='bbox 218 632 454 683; x_wconf 81' lang='lat' dir='ltr'>alumnus</span> <span class='ocrx_word' id='word_1_55' title='bbox 468 638 684 705; x_wconf 82' lang='lat' dir='ltr'>ingratus</span> <span class='ocrx_word' id='word_1_56' title='bbox 701 634 919 686; x_wconf 85' lang='lat' dir='ltr'>alentem</span> <span class='ocrx_word' id='word_1_57' title='bbox 935 631 1092 705; x_wconf 81' lang='lat' dir='ltr'>perdit</span> <span class='ocrx_word' id='word_1_58' title='bbox 1108 635 1593 688; x_wconf 69' lang='lat' dir='ltr'>materia.Acct1trite</span> <span class='ocrx_word' id='word_1_59' title='bbox 1611 640 1765 698; x_wconf 81' lang='lat' dir='ltr'>cives,</span> 
     </span>
     <span class='ocr_line' id='line_1_9' title="bbox 126 707 634 781; baseline 0 -21"><span class='ocrx_word' id='word_1_60' title='bbox 126 707 272 781; x_wconf 84' lang='lat' dir='ltr'>ferte</span> <span class='ocrx_word' id='word_1_61' title='bbox 308 709 402 759; x_wconf 85' lang='lat' dir='ltr'>citi</span> <span class='ocrx_word' id='word_1_62' title='bbox 419 708 591 781; x_wconf 78' lang='lat' dir='ltr'>fontes</span> <span class='ocrx_word' id='word_1_63' title='bbox 616 714 634 760; x_wconf 73' lang='grc' dir='ltr'><em>Ι</em></span> 
     </span>
    </p>

    <p class='ocr_par' dir='ltr' id='par_1_3' title="bbox 139 784 1760 2236">
     <span class='ocr_line' id='line_1_10' title="bbox 297 784 1756 860; baseline 0.004 -25"><span class='ocrx_word' id='word_1_64' title='bbox 297 784 454 860; x_wconf 76' lang='lat' dir='ltr'>Q¹0d</span> <span class='ocrx_word' id='word_1_65' title='bbox 485 803 579 858; x_wconf 84' lang='lat' dir='ltr'>ego</span> <span class='ocrx_word' id='word_1_66' title='bbox 604 785 859 838; x_wconf 84' lang='lat' dir='ltr'>infinitum</span> <span class='ocrx_word' id='word_1_67' title='bbox 876 790 1057 859; x_wconf 72' lang='lat' dir='ltr'>negavi</span> <span class='ocrx_word' id='word_1_68' title='bbox 1083 826 1096 848; x_wconf 89' lang='lat'>‚</span> <span class='ocrx_word' id='word_1_69' title='bbox 1137 784 1201 846; x_wconf 49' lang='grc' dir='ltr'>ἐξ</span> <span class='ocrx_word' id='word_1_70' title='bbox 1280 786 1489 840; x_wconf 77' lang='lat' dir='ltr'>Posthac</span> <span class='ocrx_word' id='word_1_71' title='bbox 1513 786 1756 841; x_wconf 83' lang='lat' dir='ltr'>concedi-</span> 
     </span>
     <span class='ocr_line' id='line_1_11' title="bbox 143 860 1756 932; baseline 0.005 -20"><span class='ocrx_word' id='word_1_72' title='bbox 143 875 192 913; x_wconf 83' lang='lat' dir='ltr'>te</span> <span class='ocrx_word' id='word_1_73' title='bbox 213 860 514 931; x_wconf 76' lang='lat' dir='ltr'><strong>Philosophi.</strong></span> <span class='ocrx_word' id='word_1_74' title='bbox 570 863 730 915; x_wconf 84' lang='lat' dir='ltr'>Potest</span> <span class='ocrx_word' id='word_1_75' title='bbox 759 878 862 932; x_wconf 86' lang='lat' dir='ltr'>pars</span> <span class='ocrx_word' id='word_1_76' title='bbox 890 879 994 914; x_wconf 88' lang='lat' dir='ltr'>non</span> <span class='ocrx_word' id='word_1_77' title='bbox 1021 861 1215 914; x_wconf 74' lang='lat' dir='ltr'>tantum</span> <span class='ocrx_word' id='word_1_78' title='bbox 1244 865 1439 931; x_wconf 80' lang='lat' dir='ltr'>aequalis</span> <span class='ocrx_word' id='word_1_79' title='bbox 1465 863 1588 923; x_wconf 80' lang='lat' dir='ltr'>effe,</span> <span class='ocrx_word' id='word_1_80' title='bbox 1607 865 1685 917; x_wconf 82' lang='lat' dir='ltr'>sed</span> <span class='ocrx_word' id='word_1_81' title='bbox 1704 873 1756 920; x_wconf 73' lang='grc' dir='ltr'>δε</span> 
     </span>
     <span class='ocr_line' id='line_1_12' title="bbox 142 937 1757 1009; baseline 0.002 -19"><span class='ocrx_word' id='word_1_82' title='bbox 142 942 305 1004; x_wconf 85' lang='lat' dir='ltr'>major</span> <span class='ocrx_word' id='word_1_83' title='bbox 331 937 417 989; x_wconf 83' lang='lat' dir='ltr'>suo</span> <span class='ocrx_word' id='word_1_84' title='bbox 445 952 565 998; x_wconf 73' lang='lat' dir='ltr'>toto,</span> <span class='ocrx_word' id='word_1_85' title='bbox 644 939 789 992; x_wconf 85' lang='lat' dir='ltr'>Exilis</span> <span class='ocrx_word' id='word_1_86' title='bbox 814 938 1170 990; x_wconf 76' lang='lat' dir='ltr'><strong>STANISLAJ:</strong></span> <span class='ocrx_word' id='word_1_87' title='bbox 1216 943 1377 1009; x_wconf 87' lang='lat' dir='ltr'>portio</span> <span class='ocrx_word' id='word_1_88' title='bbox 1391 954 1494 990; x_wconf 90' lang='lat' dir='ltr'>toto</span> <span class='ocrx_word' id='word_1_89' title='bbox 1519 940 1757 994; x_wconf 79' lang='lat' dir='ltr'>Stanislao</span> 
     </span>
     <span class='ocr_line' id='line_1_13' title="bbox 140 1012 1758 1088; baseline -0.001 -22"><span class='ocrx_word' id='word_1_90' title='bbox 140 1015 210 1068; x_wconf 84' lang='lat' dir='ltr'>est</span> <span class='ocrx_word' id='word_1_91' title='bbox 239 1020 414 1080; x_wconf 83' lang='lat' dir='ltr'>major.</span> <span class='ocrx_word' id='word_1_92' title='bbox 492 1012 699 1067; x_wconf 89' lang='lat' dir='ltr'>Modica</span> <span class='ocrx_word' id='word_1_93' title='bbox 727 1031 836 1082; x_wconf 85' lang='lat' dir='ltr'>pars</span> <span class='ocrx_word' id='word_1_94' title='bbox 862 1018 1081 1083; x_wconf 84' lang='lat' dir='ltr'>corporis</span> <span class='ocrx_word' id='word_1_95' title='bbox 1105 1032 1193 1066; x_wconf 83' lang='lat' dir='ltr'>cor</span> <span class='ocrx_word' id='word_1_96' title='bbox 1218 1015 1287 1068; x_wconf 89' lang='lat' dir='ltr'>est</span> <span class='ocrx_word' id='word_1_97' title='bbox 1313 1052 1327 1075; x_wconf 89' lang='lat'><strong>,</strong></span> <span class='ocrx_word' id='word_1_98' title='bbox 1353 1022 1405 1068; x_wconf 55' lang='grc' dir='ltr'>δέ</span> <span class='ocrx_word' id='word_1_99' title='bbox 1435 1017 1613 1071; x_wconf 87' lang='lat' dir='ltr'>mundi</span> <span class='ocrx_word' id='word_1_100' title='bbox 1646 1037 1758 1088; x_wconf 81' lang='lat' dir='ltr'>per-</span> 
     </span>
     <span class='ocr_line' id='line_1_14' title="bbox 142 1087 1759 1164; baseline -0.001 -22"><span class='ocrx_word' id='word_1_101' title='bbox 142 1090 293 1142; x_wconf 86' lang='lat' dir='ltr'>ticula</span> <span class='ocrx_word' id='word_1_102' title='bbox 322 1108 341 1158; x_wconf 77' lang='lat'>3</span> <span class='ocrx_word' id='word_1_103' title='bbox 369 1105 418 1141; x_wconf 86' lang='lat' dir='ltr'>at</span> <span class='ocrx_word' id='word_1_104' title='bbox 442 1094 580 1142; x_wconf 87' lang='lat' dir='ltr'>enim</span> <span class='ocrx_word' id='word_1_105' title='bbox 609 1087 751 1143; x_wconf 83' lang='lat' dir='ltr'>cordi</span> <span class='ocrx_word' id='word_1_106' title='bbox 773 1089 991 1143; x_wconf 73' lang='lat' dir='ltr'>Stanisiai</span> <span class='ocrx_word' id='word_1_107' title='bbox 1017 1091 1116 1160; x_wconf 82' lang='lat' dir='ltr'>ipse</span> <span class='ocrx_word' id='word_1_108' title='bbox 1145 1089 1372 1144; x_wconf 88' lang='lat' dir='ltr'>mundus</span> <span class='ocrx_word' id='word_1_109' title='bbox 1399 1107 1629 1145; x_wconf 86' lang='lat' dir='ltr'>votorum</span> <span class='ocrx_word' id='word_1_110' title='bbox 1648 1113 1759 1164; x_wconf 83' lang='lat' dir='ltr'>par..</span> 
     </span>
     <span class='ocr_line' id='line_1_15' title="bbox 139 1166 1752 1238; baseline 0.002 -20"><span class='ocrx_word' id='word_1_111' title='bbox 139 1167 290 1219; x_wconf 84' lang='lat' dir='ltr'>ticula</span> <span class='ocrx_word' id='word_1_112' title='bbox 318 1167 403 1226; x_wconf 72' lang='lat' dir='ltr'>est,</span> <span class='ocrx_word' id='word_1_113' title='bbox 485 1166 723 1219; x_wconf 76' lang='lat' dir='ltr'>Admittit</span> <span class='ocrx_word' id='word_1_114' title='bbox 756 1170 935 1218; x_wconf 86' lang='lat' dir='ltr'>omnia</span> <span class='ocrx_word' id='word_1_115' title='bbox 962 1205 975 1228; x_wconf 92' lang='lat'>‚</span> <span class='ocrx_word' id='word_1_116' title='bbox 1007 1183 1102 1219; x_wconf 80' lang='lat' dir='ltr'>nee</span> <span class='ocrx_word' id='word_1_117' title='bbox 1137 1168 1371 1238; x_wconf 78' lang='lat' dir='ltr'>impletur</span> <span class='ocrx_word' id='word_1_118' title='bbox 1396 1191 1409 1220; x_wconf 75' lang='grc' dir='ltr'><strong><em>ε</em></strong></span> <span class='ocrx_word' id='word_1_119' title='bbox 1437 1170 1542 1238; x_wconf 87' lang='lat' dir='ltr'>post</span> <span class='ocrx_word' id='word_1_120' title='bbox 1571 1189 1752 1223; x_wconf 83' lang='lat' dir='ltr'>omnes</span> 
     </span>
     <span class='ocr_line' id='line_1_16' title="bbox 140 1242 1755 1313; baseline -0.001 -19"><span class='ocrx_word' id='word_1_121' title='bbox 140 1243 392 1296; x_wconf 81' lang='lat' dir='ltr'>thesauros</span> <span class='ocrx_word' id='word_1_122' title='bbox 418 1242 589 1296; x_wconf 86' lang='lat' dir='ltr'>adhuc</span> <span class='ocrx_word' id='word_1_123' title='bbox 621 1261 831 1296; x_wconf 81' lang='lat' dir='ltr'>avarum</span> <span class='ocrx_word' id='word_1_124' title='bbox 856 1279 871 1303; x_wconf 85' lang='grc'>,</span> <span class='ocrx_word' id='word_1_125' title='bbox 905 1244 1011 1313; x_wconf 83' lang='lat' dir='ltr'>post</span> <span class='ocrx_word' id='word_1_126' title='bbox 1036 1261 1215 1296; x_wconf 86' lang='lat' dir='ltr'>omnes</span> <span class='ocrx_word' id='word_1_127' title='bbox 1240 1243 1441 1298; x_wconf 84' lang='lat' dir='ltr'>delicias</span> <span class='ocrx_word' id='word_1_128' title='bbox 1466 1243 1630 1296; x_wconf 85' lang='lat' dir='ltr'>adhuc</span> <span class='ocrx_word' id='word_1_129' title='bbox 1647 1252 1755 1296; x_wconf 75' lang='lat' dir='ltr'>avi-</span> 
     </span>
     <span class='ocr_line' id='line_1_17' title="bbox 139 1318 1760 1394; baseline 0 -19"><span class='ocrx_word' id='word_1_130' title='bbox 139 1319 267 1375; x_wconf 87' lang='lat' dir='ltr'>dum</span> <span class='ocrx_word' id='word_1_131' title='bbox 293 1360 305 1381; x_wconf 92' lang='lat'>,</span> <span class='ocrx_word' id='word_1_132' title='bbox 328 1320 432 1392; x_wconf 85' lang='lat' dir='ltr'>post</span> <span class='ocrx_word' id='word_1_133' title='bbox 455 1324 689 1373; x_wconf 85' lang='lat' dir='ltr'>omnium</span> <span class='ocrx_word' id='word_1_134' title='bbox 731 1318 986 1372; x_wconf 85' lang='lat' dir='ltr'>bonorum</span> <span class='ocrx_word' id='word_1_135' title='bbox 1012 1325 1208 1391; x_wconf 82' lang='lat' dir='ltr'>copiam</span> <span class='ocrx_word' id='word_1_136' title='bbox 1236 1318 1404 1375; x_wconf 78' lang='lat' dir='ltr'>adhuc</span> <span class='ocrx_word' id='word_1_137' title='bbox 1427 1338 1646 1394; x_wconf 84' lang='lat' dir='ltr'>egenum</span> <span class='ocrx_word' id='word_1_138' title='bbox 1673 1323 1760 1376; x_wconf 88' lang='lat' dir='ltr'>est:</span> 
     </span>
     <span class='ocr_line' id='line_1_18' title="bbox 142 1396 1755 1468; baseline 0.002 -19"><span class='ocrx_word' id='word_1_139' title='bbox 142 1401 290 1450; x_wconf 84' lang='lat' dir='ltr'>etiam</span> <span class='ocrx_word' id='word_1_140' title='bbox 321 1396 438 1450; x_wconf 73' lang='lat' dir='ltr'>cum</span> <span class='ocrx_word' id='word_1_141' title='bbox 470 1398 675 1468; x_wconf 82' lang='lat' dir='ltr'>plenum</span> <span class='ocrx_word' id='word_1_142' title='bbox 708 1398 779 1450; x_wconf 89' lang='lat' dir='ltr'>est</span> <span class='ocrx_word' id='word_1_143' title='bbox 809 1432 824 1456; x_wconf 90' lang='lat'>‚</span> <span class='ocrx_word' id='word_1_144' title='bbox 865 1414 1081 1449; x_wconf 87' lang='lat' dir='ltr'>vacuum</span> <span class='ocrx_word' id='word_1_145' title='bbox 1118 1413 1302 1449; x_wconf 87' lang='lat' dir='ltr'>manet.</span> <span class='ocrx_word' id='word_1_146' title='bbox 1383 1398 1437 1450; x_wconf 90' lang='lat' dir='ltr'>O</span> <span class='ocrx_word' id='word_1_147' title='bbox 1467 1397 1755 1468; x_wconf 83' lang='lat' dir='ltr'>amplitudi-</span> 
     </span>
     <span class='ocr_line' id='line_1_19' title="bbox 142 1468 1756 1544; baseline -0.001 -17"><span class='ocrx_word' id='word_1_148' title='bbox 142 1491 263 1527; x_wconf 85' lang='lat' dir='ltr'>nem</span> <span class='ocrx_word' id='word_1_149' title='bbox 292 1473 472 1531; x_wconf 83' lang='lat' dir='ltr'>cordis,</span> <span class='ocrx_word' id='word_1_150' title='bbox 490 1475 730 1544; x_wconf 81' lang='lat' dir='ltr'>aequalem</span> <span class='ocrx_word' id='word_1_151' title='bbox 757 1471 1076 1544; x_wconf 83' lang='lat' dir='ltr'>amplitudini</span> <span class='ocrx_word' id='word_1_152' title='bbox 1099 1475 1213 1527; x_wconf 86' lang='lat' dir='ltr'>DEI</span> <span class='ocrx_word' id='word_1_153' title='bbox 1248 1468 1617 1529; x_wconf 62' lang='lat' dir='ltr'>{Meditabatur</span> <span class='ocrx_word' id='word_1_154' title='bbox 1648 1477 1756 1527; x_wconf 87' lang='lat' dir='ltr'>Au-</span> 
     </span>
     <span class='ocr_line' id='line_1_20' title="bbox 141 1549 1755 1623; baseline 0.002 -23"><span class='ocrx_word' id='word_1_155' title='bbox 141 1550 371 1623; x_wconf 75' lang='lat' dir='ltr'>gustinus</span> <span class='ocrx_word' id='word_1_156' title='bbox 400 1551 692 1619; x_wconf 77' lang='lat' dir='ltr'>mysterium</span> <span class='ocrx_word' id='word_1_157' title='bbox 709 1551 998 1610; x_wconf 76' lang='lat' dir='ltr'>Trinitati5‚</span> <span class='ocrx_word' id='word_1_158' title='bbox 1022 1558 1074 1604; x_wconf 71' lang='grc' dir='ltr'>δε</span> <span class='ocrx_word' id='word_1_159' title='bbox 1109 1549 1282 1604; x_wconf 82' lang='lat' dir='ltr'>audaci</span> <span class='ocrx_word' id='word_1_160' title='bbox 1311 1555 1613 1622; x_wconf 76' lang='lat' dir='ltr'>cogitatione</span> <span class='ocrx_word' id='word_1_161' title='bbox 1635 1551 1755 1604; x_wconf 76' lang='lat' dir='ltr'>eoi-</span> 
     </span>
     <span class='ocr_line' id='line_1_21' title="bbox 141 1626 1756 1700; baseline -0.001 -20"><span class='ocrx_word' id='word_1_162' title='bbox 141 1628 255 1685; x_wconf 82' lang='lat' dir='ltr'>bat‚</span> <span class='ocrx_word' id='word_1_163' title='bbox 284 1626 388 1698; x_wconf 75' lang='lat' dir='ltr'>quo</span> <span class='ocrx_word' id='word_1_164' title='bbox 413 1632 481 1678; x_wconf 85' lang='lat' dir='ltr'>ire</span> <span class='ocrx_word' id='word_1_165' title='bbox 517 1626 715 1679; x_wconf 89' lang='lat' dir='ltr'>homini</span> <span class='ocrx_word' id='word_1_166' title='bbox 752 1645 854 1678; x_wconf 87' lang='lat' dir='ltr'>non</span> <span class='ocrx_word' id='word_1_167' title='bbox 897 1627 1025 1678; x_wconf 85' lang='lat' dir='ltr'>licet.</span> <span class='ocrx_word' id='word_1_168' title='bbox 1072 1626 1197 1680; x_wconf 79' lang='lat' dir='ltr'>Risit</span> <span class='ocrx_word' id='word_1_169' title='bbox 1243 1629 1466 1700; x_wconf 73' lang='lat' dir='ltr'>Angelus</span> <span class='ocrx_word' id='word_1_170' title='bbox 1491 1646 1612 1697; x_wconf 82' lang='lat' dir='ltr'>puer</span> <span class='ocrx_word' id='word_1_171' title='bbox 1645 1629 1756 1681; x_wconf 84' lang='lat' dir='ltr'>Do-</span> 
     </span>
     <span class='ocr_line' id='line_1_22' title="bbox 142 1701 1755 1775; baseline 0 -19"><span class='ocrx_word' id='word_1_172' title='bbox 142 1702 334 1756; x_wconf 71' lang='lat' dir='ltr'>stotem</span> <span class='ocrx_word' id='word_1_173' title='bbox 377 1704 544 1755; x_wconf 88' lang='lat' dir='ltr'>senem</span> <span class='ocrx_word' id='word_1_174' title='bbox 574 1743 586 1766; x_wconf 87' lang='lat'>,</span> <span class='ocrx_word' id='word_1_175' title='bbox 625 1712 678 1758; x_wconf 75' lang='grc' dir='ltr'>δι</span> <span class='ocrx_word' id='word_1_176' title='bbox 717 1702 949 1756; x_wconf 72' lang='lat' dir='ltr'>fossulam</span> <span class='ocrx_word' id='word_1_177' title='bbox 988 1702 1205 1757; x_wconf 84' lang='lat' dir='ltr'>ostendit</span> <span class='ocrx_word' id='word_1_178' title='bbox 1244 1743 1258 1765; x_wconf 81' lang='lat'>‚</span> <span class='ocrx_word' id='word_1_179' title='bbox 1287 1708 1337 1756; x_wconf 87' lang='lat' dir='ltr'>in</span> <span class='ocrx_word' id='word_1_180' title='bbox 1369 1722 1522 1775; x_wconf 87' lang='lat' dir='ltr'>quam</span> <span class='ocrx_word' id='word_1_181' title='bbox 1553 1701 1679 1774; x_wconf 68' lang='lat' dir='ltr'>prius</span> <span class='ocrx_word' id='word_1_182' title='bbox 1708 1705 1755 1757; x_wconf 82' lang='lat' dir='ltr'>se</span> 
     </span>
     <span class='ocr_line' id='line_1_23' title="bbox 144 1779 1754 1855; baseline 0.001 -23"><span class='ocrx_word' id='word_1_183' title='bbox 144 1794 309 1833; x_wconf 90' lang='lat' dir='ltr'>totum</span> <span class='ocrx_word' id='word_1_184' title='bbox 337 1797 589 1832; x_wconf 83' lang='lat' dir='ltr'>oceanum</span> <span class='ocrx_word' id='word_1_185' title='bbox 617 1781 747 1835; x_wconf 85' lang='lat' dir='ltr'>dixit</span> <span class='ocrx_word' id='word_1_186' title='bbox 771 1779 1117 1833; x_wconf 84' lang='lat' dir='ltr'>derivaturum</span> <span class='ocrx_word' id='word_1_187' title='bbox 1157 1819 1172 1843; x_wconf 90' lang='lat'>,</span> <span class='ocrx_word' id='word_1_188' title='bbox 1195 1779 1348 1851; x_wconf 70' lang='lat' dir='ltr'>quam</span> <span class='ocrx_word' id='word_1_189' title='bbox 1383 1782 1754 1855; x_wconf 81' lang='lat' dir='ltr'>Augustinusin</span> 
     </span>
     <span class='ocr_line' id='line_1_24' title="bbox 141 1855 1755 1932; baseline -0.001 -22"><span class='ocrx_word' id='word_1_190' title='bbox 141 1856 188 1910; x_wconf 86' lang='lat' dir='ltr'>se</span> <span class='ocrx_word' id='word_1_191' title='bbox 215 1872 380 1910; x_wconf 87' lang='lat' dir='ltr'>totum</span> <span class='ocrx_word' id='word_1_192' title='bbox 409 1855 704 1910; x_wconf 80' lang='lat' dir='ltr'>derivaverit</span> <span class='ocrx_word' id='word_1_193' title='bbox 728 1858 951 1911; x_wconf 78' lang='lat' dir='ltr'><strong>DEUM.</strong></span> <span class='ocrx_word' id='word_1_194' title='bbox 1032 1859 1254 1932; x_wconf 78' lang='lat' dir='ltr'>Agnovit</span> <span class='ocrx_word' id='word_1_195' title='bbox 1277 1876 1499 1911; x_wconf 86' lang='lat' dir='ltr'>errorem</span> <span class='ocrx_word' id='word_1_196' title='bbox 1517 1859 1755 1930; x_wconf 84' lang='lat' dir='ltr'>Augusti-</span> 
     </span>
     <span class='ocr_line' id='line_1_25' title="bbox 142 1932 1748 2006; baseline -0.001 -19"><span class='ocrx_word' id='word_1_197' title='bbox 142 1952 236 1987; x_wconf 82' lang='lat' dir='ltr'>nus</span> <span class='ocrx_word' id='word_1_198' title='bbox 262 1974 274 1995; x_wconf 85' lang='lat'>‚</span> <span class='ocrx_word' id='word_1_199' title='bbox 297 1932 464 1986; x_wconf 81' lang='lat' dir='ltr'>clausit</span> <span class='ocrx_word' id='word_1_200' title='bbox 490 1938 748 2006; x_wconf 86' lang='lat' dir='ltr'>ingenium</span> <span class='ocrx_word' id='word_1_201' title='bbox 773 1971 787 1993; x_wconf 88' lang='lat'>‚</span> <span class='ocrx_word' id='word_1_202' title='bbox 815 1941 869 1988; x_wconf 66' lang='lat' dir='ltr'>&amp;a</span> <span class='ocrx_word' id='word_1_203' title='bbox 895 1953 985 1986; x_wconf 79' lang='lat' dir='ltr'>cor</span> <span class='ocrx_word' id='word_1_204' title='bbox 1007 1939 1215 2006; x_wconf 83' lang='lat' dir='ltr'>aperuit.</span> <span class='ocrx_word' id='word_1_205' title='bbox 1293 1936 1394 1990; x_wconf 84' lang='lat' dir='ltr'>Res</span> <span class='ocrx_word' id='word_1_206' title='bbox 1435 1940 1562 1988; x_wconf 89' lang='lat' dir='ltr'>mira</span> <span class='ocrx_word' id='word_1_207' title='bbox 1590 1940 1608 1986; x_wconf 73' lang='lat' dir='ltr'><em>l</em></span> <span class='ocrx_word' id='word_1_208' title='bbox 1644 1935 1748 1986; x_wconf 86' lang='lat' dir='ltr'>Sta-</span> 
     </span>
     <span class='ocr_line' id='line_1_26' title="bbox 141 2013 1748 2081; baseline 0.001 -18"><span class='ocrx_word' id='word_1_209' title='bbox 141 2015 232 2063; x_wconf 88' lang='lat' dir='ltr'>tim</span> <span class='ocrx_word' id='word_1_210' title='bbox 263 2027 424 2062; x_wconf 84' lang='lat' dir='ltr'>tetum</span> <span class='ocrx_word' id='word_1_211' title='bbox 453 2016 648 2081; x_wconf 87' lang='lat' dir='ltr'>excepit</span> <span class='ocrx_word' id='word_1_212' title='bbox 682 2013 913 2066; x_wconf 83' lang='lat' dir='ltr'>DEUM.</span> <span class='ocrx_word' id='word_1_213' title='bbox 992 2013 1220 2081; x_wconf 85' lang='lat' dir='ltr'>Sequitur</span> <span class='ocrx_word' id='word_1_214' title='bbox 1247 2026 1440 2067; x_wconf 86' lang='lat' dir='ltr'>tantum</span> <span class='ocrx_word' id='word_1_215' title='bbox 1471 2013 1748 2066; x_wconf 67' lang='lat' dir='ltr'>Dostorem</span> 
     </span>
     <span class='ocr_line' id='line_1_27' title="bbox 142 2084 1747 2162; baseline -0.001 -22"><span class='ocrx_word' id='word_1_216' title='bbox 142 2084 415 2157; x_wconf 79' lang='lat' dir='ltr'>discipulus</span> <span class='ocrx_word' id='word_1_217' title='bbox 451 2087 724 2141; x_wconf 82' lang='lat' dir='ltr'>Stanislaus.</span> <span class='ocrx_word' id='word_1_218' title='bbox 809 2087 965 2162; x_wconf 78' lang='lat' dir='ltr'>Qod</span> <span class='ocrx_word' id='word_1_219' title='bbox 998 2087 1023 2140; x_wconf 72' lang='lat' dir='ltr'>a</span> <span class='ocrx_word' id='word_1_220' title='bbox 1063 2089 1209 2143; x_wconf 74' lang='lat' dir='ltr'>DEO</span> <span class='ocrx_word' id='word_1_221' title='bbox 1239 2105 1492 2160; x_wconf 79' lang='lat' dir='ltr'>acceperat</span> <span class='ocrx_word' id='word_1_222' title='bbox 1513 2107 1626 2147; x_wconf 82' lang='lat' dir='ltr'>cor,</span> <span class='ocrx_word' id='word_1_223' title='bbox 1655 2092 1747 2139; x_wconf 75' lang='lat' dir='ltr'>vix</span> 
     </span>
     <span class='ocr_line' id='line_1_28' title="bbox 143 2164 1746 2236; baseline -0.001 -18"><span class='ocrx_word' id='word_1_224' title='bbox 143 2165 289 2218; x_wconf 82' lang='lat' dir='ltr'>DEO</span> <span class='ocrx_word' id='word_1_225' title='bbox 316 2166 521 2219; x_wconf 88' lang='lat' dir='ltr'>restituit</span> <span class='ocrx_word' id='word_1_226' title='bbox 543 2203 557 2226; x_wconf 88' lang='lat'>,</span> <span class='ocrx_word' id='word_1_227' title='bbox 582 2165 757 2236; x_wconf 85' lang='lat' dir='ltr'>plenus</span> <span class='ocrx_word' id='word_1_228' title='bbox 782 2168 926 2220; x_wconf 85' lang='lat' dir='ltr'>DEO</span> <span class='ocrx_word' id='word_1_229' title='bbox 949 2165 1138 2218; x_wconf 82' lang='lat' dir='ltr'>inceffit</span> <span class='ocrx_word' id='word_1_230' title='bbox 1162 2204 1176 2229; x_wconf 86' lang='lat'>,</span> <span class='ocrx_word' id='word_1_231' title='bbox 1200 2172 1251 2219; x_wconf 74' lang='lat' dir='ltr'>Bc.</span> <span class='ocrx_word' id='word_1_232' title='bbox 1278 2167 1540 2220; x_wconf 78' lang='lat' dir='ltr'>immersus</span> <span class='ocrx_word' id='word_1_233' title='bbox 1563 2164 1746 2218; x_wconf 84' lang='lat' dir='ltr'>divinis</span> 
     </span>
    </p>
   </div>
   <div class='ocr_carea' id='block_1_3' title="bbox 141 2237 1750 2369">
    <p class='ocr_par' dir='ltr' id='par_1_4' title="bbox 141 2237 1750 2369">
     <span class='ocr_line' id='line_1_29' title="bbox 141 2237 1750 2318; baseline 0.001 -25"><span class='ocrx_word' id='word_1_234' title='bbox 141 2245 340 2298; x_wconf 84' lang='lat' dir='ltr'>animus</span> <span class='ocrx_word' id='word_1_235' title='bbox 374 2242 580 2316; x_wconf 81' lang='lat' dir='ltr'>posthac</span> <span class='ocrx_word' id='word_1_236' title='bbox 616 2241 681 2297; x_wconf 80' lang='lat' dir='ltr'>ad</span> <span class='ocrx_word' id='word_1_237' title='bbox 724 2259 884 2299; x_wconf 83' lang='lat' dir='ltr'>creata</span> <span class='ocrx_word' id='word_1_238' title='bbox 920 2260 1180 2318; x_wconf 83' lang='lat' dir='ltr'>emergere</span> <span class='ocrx_word' id='word_1_239' title='bbox 1201 2261 1307 2296; x_wconf 90' lang='lat' dir='ltr'>non</span> <span class='ocrx_word' id='word_1_240' title='bbox 1341 2246 1515 2316; x_wconf 89' lang='lat' dir='ltr'>potuit.</span> <span class='ocrx_word' id='word_1_241' title='bbox 1594 2237 1750 2296; x_wconf 83' lang='lat' dir='ltr'>Haud</span> 
     </span>
     <span class='ocr_line' id='line_1_30' title="bbox 1650 2335 1748 2369; baseline 0 0"><span class='ocrx_word' id='word_1_242' title='bbox 1650 2335 1748 2369; x_wconf 78' lang='lat' dir='ltr'>im-</span> 
     </span>
    </p>
   </div>
  </div>
 </body>
</html>
