1888 2584
141 68 238 131 136
782 59 905 127 ἓξὲξ(
942 66 994 121 >F
1025 61 1142 126 ἓξὲξ*

135 185 423 246 denfiffima
443 182 657 259 caligine
693 184 902 236 mixtam
945 223 959 247 ,
1026 180 1362 251 incumbe-’reg
1398 189 1560 237 a'e‘rem
1604 191 1752 238 inter-

135 264 436 322 micantibus
474 263 696 334 fulgetris
730 262 987 312 scintillare
1026 282 1053 324 ,·
1099 277 1280 312 terram
1321 262 1579 314 horrendis
1607 269 1753 316 moti-

137 343 229 398 bus
268 343 474 393 concuti
519 358 543 399 ;
578 352 719 389 antra
759 338 1024 409 gemitibus
1066 337 1328 407 personare
1355 360 1380 400 ;
1429 341 1647 391 monstra
1676 345 1751 390 vi-

136 421 292 492 pereis
326 415 468 467 sibilis
502 413 707 468 stridere
729 434 756 475 ,-
796 420 848 466 δε
878 431 983 466 non
1015 413 1100 465 nifi
1129 411 1361 465 umbram
1393 413 1611 466 flammae
1633 434 1750 483 pur-

136 499 298 568 gantis
346 491 629 561 concepisti.
722 490 860 541 Pone
913 526 930 550 ,
969 488 1218 560 quidquid
1270 490 1463 541 barbari
1524 490 1754 544 humana

135 588 280 625 mens
306 571 606 640 excogitavit
647 585 664 615 .-
703 570 926 618 eertatim
973 567 1018 618 se
1058 570 1342 618 immittent
1381 571 1431 617 in
1473 581 1634 618 tauros
1678 569 1751 620 fa-

133 645 259 701 mosi
287 642 553 698 Phalaridis
579 660 596 710 3
622 648 672 693 in
698 647 860 715 gratiae
901 643 1015 693 loco
1044 640 1410 700 numerabunt,
1434 640 1459 693 ἐι
1490 643 1748 696 Mezentio

135 723 200 777 ad
228 721 486 781 cadavera,
526 719 777 771 vermibus
804 719 1054 779 scatentia,
1079 719 1267 791 alligari
1306 735 1322 783 3
1352 717 1481 769 ultro
1506 718 1746 770 conscen-

135 802 258 854 dent
284 800 451 851 fatales
477 797 778 850 Diocletiani
797 811 921 846 rotas
950 815 971 854 ,·
996 796 1128 847 velut
1159 795 1361 864 apiculae
1376 793 1438 847 ad
1464 794 1749 866 fragrantis.

133 877 283 930 fimos
309 875 454 926 flores
483 909 497 932 ,
531 870 875 928 convolabunt
901 870 964 923 ad
1014 872 1176 923 ulcera
1194 869 1307 932 Jobi
1340 908 1353 931 ,
1393 877 1445 923 &
1479 873 1640 924 mellis
1674 877 1752 923 in-

133 957 228 1007 star
256 949 401 1004 avide
450 951 637 1020 sugent.
696 946 896 1000 Verbo:
945 963 1092 998 erunt
1119 949 1401 998 amantium
1445 963 1559 998 vota
1587 985 1600 1008 ,
1640 965 1750 1017 quae

133 1028 275 1081 nobis
302 1026 414 1078 sunt
443 1041 640 1077 reorum
669 1022 911 1092 supplicia.
992 1023 1062 1075 Ex
1091 1022 1368 1073 miserrimo
1381 1021 1477 1073 hoc
1503 1025 1750 1095 ergastulo

135 1104 336 1157 misellae
362 1097 641 1152 animaetibi
669 1098 980 1153 acclamant:
1031 1095 1279 1149 hominem
1303 1115 1404 1149 non
1427 1095 1588 1150 habeo.
1629 1102 1743 1152 Bar·

133 1182 312 1234 barum
340 1193 387 1230 te
415 1181 432 1230 !
476 1173 582 1229 Nifi
614 1192 856 1226 coronam
887 1213 900 1234 ‚
931 1191 1084 1243 quam
1117 1189 1314 1234 vocant,
1359 1176 1574 1245 Virginis
1611 1176 1748 1245 lapsis

134 1262 353 1329 porrigas
395 1293 408 1314 ,
443 1268 496 1304 ut
542 1251 603 1303 ad
643 1268 887 1303 coronam
922 1251 1089 1322 gloriae
1113 1250 1288 1301 eleves.
1369 1249 1645 1302 Crudelem
1672 1247 1748 1306 te!

134 1334 242 1395 Nisi
287 1331 422 1384 sexta
451 1333 622 1399 quavis
669 1327 785 1380 feria
814 1365 825 1384 ,
852 1329 992 1379 ferias
1019 1324 1043 1376 a
1072 1325 1286 1378 secunda
1318 1326 1628 1380 comestione
1658 1328 1748 1380 tibi

136 1410 325 1464 indicas
351 1446 364 1466 ,
390 1422 443 1459 ut
473 1405 722 1458 famelicas
750 1421 954 1454 recrees,
1039 1405 1296 1455 Immitem
1329 1416 1377 1454 te
1406 1393 1428 1455 l
1494 1402 1602 1455 Nifi
1647 1403 1749 1456 fer-

135 1487 222 1540 re&
249 1483 444 1537 lumbos
477 1499 587 1532 tuos
609 1478 813 1552 cingul&
849 1478 998 1550 quam
1031 1478 1292 1530 arCtiffime
1342 1478 1618 1552 adstringas
1654 1518 1666 1541 ,
1694 1493 1748 1532 ut

131 1567 330 1636 ignium
368 1559 574 1611 vincula
614 1560 815 1626 captivis
864 1554 1032 1608 solvas.
1112 1557 1478 1609 Incletnentem
1514 1549 1598 1609 tel
1642 1555 1747 1608 Nili

134 1638 295 1710 prima
333 1634 512 1688 menfis
557 1640 796 1702 cujusque
832 1631 1089 1685 dominica
1129 1631 1514 1688 immaculatum
1555 1631 1744 1685 Christi

133 1717 427 1790 sanguinem
497 1707 724 1762 effundas
755 1714 805 1759 in
873 1709 1144 1760 maculatas
1172 1747 1184 1769 ‚
1214 1722 1268 1758 ut
1319 1709 1542 1760 maculas
1600 1708 1747 1761 eluaS.

305 1793 391 1845 Vae
439 1780 452 1841 l
493 1787 536 1837 Si
580 1785 765 1855 lapides
796 1823 809 1844 ‚
862 1790 946 1853 qui
988 1783 1375 1852 lacrymantibus
1420 1785 1579 1838 colla-

304 1860 309 1863 *
455 1878 770 1932 erymantur‚
815 1859 995 1912 duritie
1026 1861 1229 1924 superes.
1318 1861 1431 1915 Cor

637 1938 822 1992 durum
854 1936 983 1987 male
1025 1936 1225 1990 habebit

749 2018 802 2075 in
827 2012 1109 2069 noviffitno.

1508 2327 1736 2384 XXXV.
