1888 2584
733 52 1099 120 effiffflffiffi
1641 67 1752 106 να

135 183 207 236 Ita
244 178 525 233 declamare
551 178 709 231 solent
741 216 757 241 ,
791 182 879 249 qui
906 181 1081 237 vitam,
1112 173 1248 228 velut
1288 173 1441 226 solem
1479 176 1751 238 orientem,

135 258 347 312 adorant
380 274 398 325 3
434 264 487 311 δε
527 258 677 309 morti
721 294 735 317 ,
773 271 828 308 ut
865 257 1133 316 occidenti,
1161 268 1296 325 terga
1321 249 1606 306 obvertunt.
1685 255 1753 307 At

137 336 219 388 ubi
268 334 384 386 flere
436 335 515 397 alij
545 370 560 392 ›
614 332 1032 385 STAutsLAus
1115 331 1280 383 noster
1337 328 1500 382 ridere
1559 333 1755 402 incipit.

142 407 496 466 Commodum
524 411 704 465 Rornae
728 411 914 482 appulit
939 410 1109 462 Petrus
1137 405 1361 460 Canifius
1395 443 1411 466 ‚
1452 422 1505 474 ut
1536 410 1754 462 rationes

138 484 454 542 sublevandae
483 492 755 559 germaniae
789 505 907 539 cum
939 487 1026 539 Pio
1069 502 1243 555 quarto
1262 482 1531 536 conferret.
1615 486 1755 537 Invi-

135 579 262 616 tatus
287 601 300 622 ‚
343 579 397 615 ut
422 562 486 617 ad
525 579 719 635 tyrones
759 564 924 617 Sancti
965 562 1180 616 Andreae
1216 560 1362 612 verba
1401 561 1583 613 faceret
1609 598 1623 622 ,
1666 579 1757 632 pro

134 644 389 694 concione
417 642 638 712 exposuit
667 678 682 702 ‚
715 642 856 694 illum
894 640 1105 694 demum
1149 639 1376 692 mensem
1417 636 1755 693 felicifflmum

135 719 244 770 sore
272 754 286 777 ,
314 734 469 788 quem
500 721 714 789 quisque
746 720 978 770 ultimum
1021 716 1105 768 fibi
1138 719 1379 788 putaverit
1405 730 1424 783 3
1455 722 1508 771 δε
1546 732 1664 768 cum
1704 719 1759 769 in

134 792 348 849 modum
373 798 549 846 vixerit
583 830 598 852 ,
631 794 1074 866 quemadmodum
1116 796 1231 846 velit
1261 807 1451 860 paratus
1476 795 1528 841 in
1559 792 1660 861 ipso
1678 795 1756 843 vi-

137 885 195 922 tae
230 876 367 922 exitu
412 869 739 940 deprehendi.
820 868 1149 922 Subsecutum
1208 871 1276 921 est
1331 869 1449 919 Divi
1502 867 1757 921 Menstrui

135 947 455 1019 Sortilegium
495 963 514 1014 3
549 952 603 999 δε
641 948 877 999 Stanislao
916 947 1128 1014 inclytus
1163 945 1355 1012 Martyr
1379 945 1422 995 S.
1458 945 1759 996 Laurentius

134 1021 342 1076 obvenit
370 1044 385 1073 .·
410 1021 706 1090 adjunctum
736 1023 1071 1096 apophtegma
1095 1027 1334 1074 virtutem
1383 1024 1627 1091 patientiae
1667 1038 1758 1089 pro

133 1098 461 1152 morientibus
485 1099 893 1155 commendabat.
979 1101 1045 1152 Ut
1068 1097 1227 1153 audiit
1256 1137 1268 1159 ‚
1292 1103 1344 1151 δε
1374 1099 1490 1169 legit
1522 1096 1627 1150 haec
1648 1097 1757 1167 Ty-

131 1193 190 1228 ro
219 1179 386 1232 noster
421 1214 435 1235 ‚
464 1192 520 1229 ut
547 1181 727 1230 animo
755 1177 964 1230 subfilire
987 1213 1000 1234 ,
1034 1183 1086 1229 δε
1126 1179 1264 1228 vultu
1302 1181 1450 1245 coepit
1476 1173 1746 1248 ignescere,

133 1253 349 1305 Causam
379 1252 559 1305 insoliti
586 1254 752 1322 gaudij
782 1270 975 1324 rogatus
1005 1293 1017 1314 ‚
1047 1252 1231 1305 blande
1248 1249 1496 1322 respondit
1527 1288 1541 1310 ‚
1574 1250 1623 1304 id
1666 1248 1752 1303 fibi

129 1333 357 1382 maximo
381 1329 477 1382 effe
502 1332 669 1385 solatio
693 1369 708 1394 ‚
734 1329 872 1402 quod
886 1329 986 1384 hoc
1011 1329 1181 1385 adhuc
1209 1332 1380 1383 mense
1406 1328 1433 1381 ἐ
1457 1331 1577 1380 vivis
1607 1344 1760 1380 exce-

130 1407 282 1457 deret.
363 1407 559 1461 Scilicet
594 1426 751 1461 nemo
786 1414 915 1460 mori
955 1415 1098 1459 timet
1127 1444 1141 1465 ,
1171 1406 1260 1459 nifi
1290 1411 1375 1476 qui
1408 1403 1643 1458 nondum
1675 1408 1754 1455 vi-

133 1481 205 1535 dit
237 1483 460 1536 DEUM.
541 1484 733 1537 Tenuit
773 1485 912 1538 hunc
953 1483 1165 1537 brachiis
1201 1484 1463 1536 Stanislaus
1493 1499 1509 1548 3
1538 1489 1590 1536 &
1622 1482 1757 1551 post-

132 1577 288 1627 quam
327 1559 522 1613 fluento
558 1562 719 1614 salutis
765 1566 1010 1616 innatavit
1049 1601 1064 1624 ‚
1100 1565 1289 1615 mirum
1338 1576 1444 1612 non
1471 1559 1542 1613 est
1575 1597 1587 1618 ,
1613 1555 1755 1629 quod

135 1637 301 1688 Oloris
328 1638 479 1690 instar
503 1637 586 1691 fibi
621 1638 822 1692 inferias
848 1643 1174 1709 praecinuerin

300 1714 447 1771 &Alii
454 1728 674 1787 paveant
711 1738 726 1766 .·
767 1734 847 1789 ego
880 1734 1072 1768 recreor
1106 1714 1229 1767 inde
1264 1730 1282 1781 3
1321 1711 1605 1782 responsum
1650 1724 1755 1761 erat

137 1787 364 1861 Magistri
395 1798 494 1851 tui,
524 1792 818 1846 Timothee.
898 1796 1034 1846 Inter
1059 1794 1151 1844 alia
1180 1831 1193 1854 ,
1230 1809 1337 1861 quae
1379 1791 1546 1842 laetum
1579 1793 1754 1839 mortis

139 1873 381 1919 nuncium
410 1869 573 1922 fecere
597 1909 610 1931 ‚
633 1872 753 1924 Divi
771 1870 1020 1923 Menstrui
1047 1871 1208 1921 cultus
1249 1868 1358 1926 fuir,
1440 1865 1603 1917 Sancti
1638 1869 1752 1933 qui-

133 1940 253 1994 dem
277 1943 527 1997 bonorum
557 1948 839 1999 nostrorum
871 1963 974 1997 non
1004 1961 1168 2018 egent.
1246 1943 1389 1997 Nihil
1415 1942 1503 1994 illis
1524 1940 1754 1993 devotio-

136 2037 203 2070 ne
239 2022 400 2072 nostra
429 2024 689 2091 praestatur.
770 2023 920 2075 Plane
947 2022 1085 2093 quod
1127 2038 1302 2073 eorum
1331 2023 1631 2070 memoriam
1663 2036 1756 2070 ve-

135 2112 405 2156 neramur,
434 2100 584 2152 nostri
613 2100 825 2154 interest.
907 2099 1030 2151 Sunt
1057 2099 1209 2152 fidera
1240 2101 1449 2167 propiia
1492 2133 1507 2154 ‚
1547 2114 1654 2165 quae
1694 2098 1750 2148 in

136 2170 367 2227 homines
389 2213 401 2235 ‚
439 2172 554 2230 sicut
579 2176 785 2247 planetae
815 2181 863 2228 in
892 2175 1173 2229 sublunaria
1198 2216 1211 2237 ,
1256 2175 1314 2232 ’Σέξ-
1395 2175 1644 2244 Beniguos
1672 2177 1750 2224 in-

136 2247 295 2305 fluxus
333 2252 574 2324 ptaestant.
654 2253 779 2308 Sunt
813 2254 998 2308 feraces
1036 2251 1158 2306 oleae
1210 2291 1224 2316 ,
1263 2268 1317 2305 ut
1359 2256 1470 2303 vitae
1511 2251 1751 2322 praesentis

1603 2343 1747 2381 ama-
