1888 2584
113 47 178 106 te
733 35 861 107 ῥέἓ(
895 39 949 104 ›1‹
986 40 1103 109 ΕΞ)

100 180 170 222 tas
198 159 474 220 numinum
510 161 582 220 est
609 161 860 238 pluralitas
900 171 1220 230 numinumt
1257 168 1423 223 unitas
1463 166 1614 235 DEI,
1654 167 1725 228 est

101 249 277 299 veritas
307 243 434 297 DEI.

272 318 431 389 Quod
460 317 895 391 philosophamur,
922 318 1022 373 hoc
1049 325 1205 381 vivit‚·
1226 320 1364 392 quod
1394 321 1724 393 speculamur,

105 394 207 452 hoc
233 403 376 470 agit;
403 395 543 467 quod
573 397 869 466 profitemur
899 433 912 454 ‚
944 397 1044 449 hoc
1083 399 1198 468 sapit
1227 399 1506 452 Stanislaus.
1588 401 1724 454 Illius

106 481 208 527 vita
236 492 351 526 vera
377 475 447 528 est
475 473 815 544 Philosophia;
840 479 958 544 quia
980 473 1118 527 idem
1144 476 1336 547 semper
1364 481 1549 548 putavit
1585 482 1724 530 vive-

105 569 174 611 re,
201 558 255 606 δε
286 550 464 621 sapere.
545 552 758 605 Brevem
793 568 985 603 xtatem
1029 553 1245 604 vieturus
1266 593 1280 614 ,
1304 554 1536 607 extendit
1568 572 1726 607 annos

106 626 391 688 virtutibus,
419 635 473 682 &t
503 628 663 682 statim
692 630 799 682 talis
814 628 909 680 fuit
928 665 942 688 ,
968 630 1127 700 qualis
1154 647 1256 680 etat
1281 629 1477 682 futurus
1503 648 1521 698 3
1560 649 1624 682 ne
1652 631 1726 684 sa-

105 709 292 777 pientia
335 703 529 758 btevior
562 706 678 758 effer
709 745 723 768 ,
773 704 925 777 quam
959 710 1071 767 vita,
1154 704 1269 759 Imo
1314 724 1502 759 novam
1533 711 1728 758 invenit

104 798 267 836 artem
304 780 525 853 sapiendi
558 819 573 843 ,
610 801 763 854 quam
806 787 901 853 ipsa
933 784 1166 853 sapientia
1201 779 1459 845 nesciebat,
1538 784 1730 837 Haste-

106 877 203 913 nus
229 862 369 911 aliter
398 859 645 930 sapiebant
682 860 870 914 coelites
905 896 920 920 ,
957 861 1097 912 aliter
1137 859 1387 912 homines.
1468 861 1730 914 Conflavit

107 954 173 991 ex
203 934 397 990 duabus
431 938 674 1006 sapientijs
705 955 858 989 unam
883 976 895 998 ,
935 945 988 992 δε
1033 938 1150 989 fecit
1187 934 1271 988 fibi
1312 955 1577 1007 propriam,
1658 940 1730 992 Ex

109 1019 278 1085 primo
306 1013 555 1083 Principio
580 1019 787 1072 omnia,
820 1020 870 1064 in
897 1013 1133 1066 omnibus
1163 1020 1388 1083 primum
1418 1014 1729 1084 Principium

109 1089 303 1144 didicit.
408 1091 742 1163 Interrogatus
789 1090 1062 1161 aliquando
1111 1091 1301 1145 Dostor
1335 1091 1620 1161 Seraphicus
1667 1089 1731 1142 ab

109 1166 383 1241 AngeliCO,
415 1172 496 1218 cui
513 1166 637 1219 libro
653 1166 898 1221 studeret?
937 1167 1174 1221 Ostendit
1202 1166 1509 1238 pendentem
1538 1169 1566 1219 ἐ
1595 1167 1731 1221 Cru-

111 1262 173 1299 ee
199 1246 463 1296 hominem
497 1245 718 1298 DfiUM.
802 1245 1001 1297 Illustris
1039 1243 1180 1303 liber,
1201 1245 1401 1314 scriptus
1427 1250 1627 1297 intus&
1655 1242 1732 1295 fo-

114 1311 207 1375 tis!
248 1323 403 1375 Hunc
427 1321 584 1390 ipsum
616 1321 802 1372 librum
837 1319 1172 1373 meditabatur
1199 1320 1492 1383 Stanislaus;
1524 1338 1618 1373 nec
1641 1320 1732 1371 ali-

115 1396 261 1452 unde
299 1433 315 1458 ,
357 1395 445 1447 nisi
485 1396 512 1447 :i
539 1397 683 1450 DEO
716 1396 914 1449 haurire
940 1401 1125 1466 potuit,
1152 1414 1264 1466 quae
1290 1394 1353 1448 de
1380 1397 1524 1449 DEO
1554 1402 1603 1448 in
1625 1396 1734 1449 col-

115 1476 295 1546 loquiis
323 1472 561 1525 subtiliter
587 1473 741 1531 dixit,
777 1491 888 1542 quae
920 1477 972 1523 in
998 1472 1173 1524 scholis
1209 1470 1404 1525 erudite
1437 1474 1734 1544 composuit.

115 1549 410 1606 Breviffimo
431 1565 656 1618 tempore
672 1555 723 1601 in
741 1549 839 1603 hoc
871 1567 976 1600 uno
1001 1547 1360 1608 libroinvenit,
1386 1567 1498 1617 quae
1524 1551 1606 1614 alij
1623 1551 1735 1601 lon.

115 1627 314 1702 giffimo
339 1633 390 1679 in
420 1626 638 1695 pluribus
657 1644 759 1677 non
787 1625 1025 1693 reperere.
1108 1625 1290 1677 Parum
1308 1624 1476 1677 adhuc
1492 1624 1736 1700 dixigeo-

118 1704 245 1758 dem
281 1717 509 1773 tempore
552 1703 815 1772 discipulus
840 1709 892 1754 &
934 1703 1173 1773 Magister
1212 1704 1334 1754 fuit:
1367 1701 1539 1754 docuit
1592 1707 1736 1756 enim

120 1786 358 1837 virtutes,
393 1778 520 1830 dum
557 1780 713 1831 literas
751 1779 943 1832 didicit.
1025 1779 1152 1831 Mili
1179 1796 1343 1830 mores
1382 1778 1538 1831 bonos
1572 1795 1739 1832 mores

124 1857 418 1911 infecerant.
444 1856 662 1908 AEtatem
682 1860 809 1908 vitiis
826 1871 1190 1907 anteverterant
1217 1857 1450 1908 homines
1466 1892 1481 1914 ,
1499 1854 1739 1908 nondum

124 1937 248 1992 viri,
276 1938 372 2003 jam
404 1931 565 1985 Patres
580 1954 604 1995 ;
638 1933 871 1985 nondum
908 1933 1094 1991 adulti,
1119 1937 1219 1999 jam
1255 1933 1485 1984 adulteri.
1572 1933 1740 2003 Argu-

127 2024 363 2065 mentum
393 2007 725 2061 deformitatis
747 2025 851 2060 erat
878 2008 1112 2079 pudicitia
1131 2027 1263 2069 ,non
1293 2008 1539 2078 pudicitia:
1563 2008 1738 2062 *defor-

131 2091 288 2140 mitas
372 2087 510 2138 Pene
537 2103 664 2137 unus
687 2091 735 2135 in
769 2103 1004 2156 corrupto
1033 2086 1209 2140 saeculo
1243 2090 1438 2160 integer
1465 2084 1559 2138 effe
1600 2085 1743 2136 ausus

135 2163 398 2216 Stanislaus.
415 2182 436 2223 ,·
459 2170 510 2217 &
540 2180 660 2232 quos
692 2167 739 2213 in
758 2162 961 2229 scientijs
990 2182 1195 2219 cooevos
1217 2165 1389 2220 natstus
1412 2159 1742 2225 est,habebat

134 2240 336 2294 suatum
365 2246 607 2295 virtutum
632 2238 910 2314 discipulos.

1666 2316 1741 2371 Ex
