1888 2584
699 63 822 131 ἦ(
855 68 912 127 »1⁴
946 62 1066 130 >559
1667 79 1760 126 ⁵¹9

141 199 197 247 «Sc
233 185 494 261 perfectius
519 200 762 260 pateretur
793 226 808 249 ‚
845 176 1116 254 Patronum
1153 188 1208 238 δε
1236 183 1529 258 Magistrum
1561 179 1648 236 fibi
1671 184 1763 239 de.‘

141 270 264 339 legit
299 269 492 321 Divum
534 265 945 316 STANstAuM
989 285 1014 326 ;
1054 265 1142 333 qui
1177 274 1279 311 tam
1318 263 1502 314 fortem
1539 260 1759 332 pugilem

144 345 427 397 admiratus
460 379 474 402 ,
520 341 617 410 ipse
646 338 848 394 advolat
882 377 896 402 ,
937 346 989 392 δέ
1028 339 1090 392 ad
1130 339 1385 392 coelestem
1426 355 1670 390 coronam
1705 357 1762 392 a-

139 419 272 471 mic&
290 425 477 470 invitat.
558 413 1321 488 Acceptatsponfionemcliens
1349 452 1364 478 ,
1409 412 1762 487 &ducemsuf

137 511 225 547 um
252 493 384 561 tristi
417 492 477 545 de
502 510 692 545 carcere
706 490 903 565 fiaersum
932 492 1067 545 laetus
1105 493 1340 561 sequitur.
1721 559 1723 561 ‚

305 572 428 623 Non
459 570 616 641 legisti
643 605 658 628 ,
701 567 979 622 Timotheo
1000 608 1016 631 ‚
1057 566 1199 638 quod
1235 567 1376 620 flenti
1411 564 1638 622 Ezechiae
1668 583 1764 619 an-

131 649 184 699 ni
211 646 503 716 quindecim
533 644 596 698 ad
618 648 725 699 vitae
754 640 951 700 stamen
996 643 1138 698 assuti
1164 644 1384 706 fuerint,
1443 643 1613 696 illustri
1639 643 1761 697 teste

128 721 230 774 sole
255 760 268 782 ‚
300 728 386 792 qui
417 727 557 792 lupra
586 723 739 775 lineas
762 720 943 774 decem
969 719 1208 773 retroastfi
1236 711 1341 789 sty'rli
1370 718 1549 773 umbrfi
1575 755 1591 778 ‚
1617 722 1757 772 viam

131 805 184 852 δε
211 803 367 850 vitam
411 796 692 852 redorditur
719 811 734 850 ἓ
779 799 916 851 Hem
946 835 960 858 ,
999 796 1126 866 quid
1151 795 1368 850 {olidum
1401 799 1453 846 in
1491 795 1755 858 humanis,

128 874 161 927 fi
186 891 298 925 aetas
331 874 590 925 horarium
619 872 720 930 est,
757 889 921 923 annus
948 872 1077 923 linea
1101 909 1117 933 ‚
1159 871 1339 923 umbra
1353 861 1485 923 vital
1566 870 1756 924 Letha-

123 951 184 1003 lis
213 948 391 1003 umbra
420 965 438 1016 3
479 964 590 1017 quae
625 948 780 999 lineas
804 961 982 1000 enecat
1005 982 1022 1006 ,
1065 961 1311 1018 quotquot
1332 948 1532 1016 attingit
1554 968 1581 1011 ,·-
1619 950 1753 1016 pari-

125 1026 307 1094 terque
399 1023 525 1077 dum
584 1020 779 1091 proficit
808 1058 824 1081 ‚
896 1020 1084 1076 deficit.
1176 1023 1314 1074 AEtas
1377 1021 1517 1073 nulla
1554 1061 1569 1084 ,
1631 1021 1756 1077 hora

122 1102 264 1153 nulla
313 1099 480 1152 secura
526 1099 631 1165 est3
696 1097 877 1151 umbra
905 1096 1086 1151 eadem
1114 1098 1363 1149 celeritate
1388 1099 1756 1167 &aeq-ualitate,

122 1176 389 1230 horarium
409 1174 593 1227 mundi
625 1174 829 1245 planum
872 1178 925 1225 in
963 1189 1092 1226 terra
1137 1173 1357 1244 pervolat
1388 1212 1404 1235 ,
1438 1191 1543 1244 qua
1573 1179 1754 1247 igneus

123 1254 208 1304 ille
234 1252 418 1305 cursor.
495 1251 577 1302 Sol
602 1289 616 1310 ,
663 1251 992 1316 cujusaemula
1017 1249 1088 1303 est
1126 1285 1144 1308 ,
1171 1250 1472 1302 immensam
1503 1254 1617 1305 coeli
1642 1253 1752 1320 pla-

123 1334 303 1381 nitiem
337 1331 571 1379 emetitur
596 1328 790 1379 inalto.
852 1327 1037 1397 Delige
1066 1330 1161 1386 jam
1180 1326 1385 1388 horam,
1418 1344 1529 1397 quae
1569 1328 1749 1396 placet5

123 1407 201 1456 vel
231 1408 446 1474 primam
479 1402 697 1454 infantiae
724 1441 737 1463 ,
776 1403 858 1454 vel
898 1401 1120 1454 mediam
1144 1406 1417 1467 juventutis
1459 1441 1474 1465 ‚
1513 1404 1590 1454 vel
1628 1403 1747 1455 ulti-

124 1497 263 1533 mam
289 1481 449 1543 senii5
475 1480 666 1531 nullam
704 1480 930 1530 invenies
959 1514 974 1538 ‚
1000 1496 1098 1549 qua
1127 1482 1235 1531 vitae
1263 1494 1354 1530 tuae
1388 1477 1642 1549 clepsydra
1669 1479 1748 1532 vel

121 1572 224 1607 non
259 1554 445 1615 effluat,
480 1557 556 1606 vel
584 1554 777 1628 segnius
792 1553 1025 1607 elabatur.
1107 1554 1223 1608 Imo
1272 1552 1439 1607 media
1474 1559 1744 1620 juventutis

120 1630 244 1683 hora
283 1636 519 1683 omnium
569 1630 798 1683 maxime
816 1630 1104 1700 periculosa.
1182 1631 1379 1683 Primus
1433 1630 1740 1703 flagitiorum

117 1709 309 1759 institor
341 1707 470 1760 Cain
537 1745 550 1768 ‚
592 1709 820 1759 Mortem
859 1710 1055 1759 invenit
1096 1743 1112 1768 ‚
1145 1714 1200 1762 δε
1238 1711 1441 1759 invexit.
1531 1709 1742 1760 Horruit

117 1793 268 1843 Mors,
296 1780 551 1853 expiandis
583 1782 845 1837 sceleribus
892 1796 1011 1835 nata
1054 1819 1071 1844 ‚
1112 1787 1301 1854 primos
1343 1782 1426 1834 fibi
1462 1783 1620 1837 aditus
1654 1801 1740 1853 per

118 1862 400 1911 innocentis
441 1859 781 1914 Adolescentis
822 1859 1056 1931 jugulum
1096 1859 1264 1929 pandi.
1343 1861 1539 1930 Qiaeris
1577 1895 1595 1917 ‚
1632 1876 1736 1929 quo

120 1934 222 1984 telo
251 1938 510 2003 petiverit?
551 1938 744 2008 Ligueo
784 1957 797 1988 ε
878 1952 996 1986 nam
1014 1935 1096 1986 tali
1117 1954 1178 1988 ex
1197 1940 1400 1990 materia
1427 1950 1540 1986 nata
1568 1934 1728 1988 Mors·

120 2013 347 2080 ῥητὴ,
385 2010 508 2079 quid
525 2017 744 2082 primum
760 2009 973 2069 ferierit?
1011 2011 1199 2064 Guttur
1238 2033 1250 2062 :
1312 2014 1443 2062 utin
1471 2008 1630 2062 Abele
1646 2029 1734 2080 pa..

121 2101 319 2139 rentem
338 2086 595 2143 multaret,
621 2084 761 2155 quod
778 2103 986 2155 pomum
1005 2085 1353 2140 momorderit.
1433 2085 1732 2150 Abeotemf

120 2179 241 2232 pore
270 2200 282 2221 ,
333 2166 447 2231 quia
475 2161 610 2222 dulci
633 2161 834 2213 delinita
867 2161 1119 2235 Sanguine
1142 2199 1158 2224 ‚
1180 2170 1391 2231 juvenes
1423 2159 1616 2215 avidius
1642 2180 1731 2234 pe..

117 2244 190 2290 tit,
270 2237 426 2311 Fuere
453 2237 736 2310 complures
757 2274 775 2299 ,
807 2238 954 2291 stellae
994 2246 1047 2291 in
1081 2255 1196 2295 ortu
1230 2238 1377 2295 fimul
1411 2245 1467 2296 &c
1492 2240 1670 2292 occasu
1707 2274 1727 2300 ‚

809 2313 843 2368 S
885 2331 915 2362 2
1548 2313 1727 2387 quibus
