1888 2584
136 81 231 117 ¹00
824 64 952 132 0233<
986 66 1040 128 ›1‹
1073 63 1200 133 23&

123 189 214 243 'US
250 186 449 244 donssrit
483 185 690 258 seipsum
741 225 757 248 ,
797 192 853 244 δε
906 187 991 241 ina
1045 187 1333 243 hominibus
1371 184 1570 243 dendrit
1615 191 1741 245 DE-

127 266 269 321 UM.
371 266 497 319 Non
535 262 672 318 deest
713 264 782 316 illi
823 263 1055 319 voluntas
1094 264 1323 321 donandi
1354 304 1369 328 ,
1408 282 1518 335 quae
1545 265 1572 317 ὲ
1598 267 1744 320 DEO

122 341 317 398 donare
351 339 545 401 didicit,
624 340 749 393 Non
778 338 916 395 deest
953 340 1155 397 &cultas
1180 381 1195 404 ‚
1231 360 1389 416 quam
1436 343 1608 396 DEUS
1649 360 1739 413 pe..

128 437 199 473 ne
235 420 641 486 omnipotentem
683 415 917 470 reddidit.
995 418 1113 470 Im&
1158 435 1264 472 non
1303 416 1497 470 tantssnm
1540 420 1610 472 est
1644 417 1738 472 ad-

126 493 353 548 ministra
395 491 541 558 hujus
565 494 689 546 doni
721 532 735 555 ‚
774 491 855 546 sed
885 498 1068 546 amoris
1086 497 1334 565 impotens
1372 499 1522 547 etiam
1550 496 1739 548 Domi-

122 588 246 624 nam
291 585 435 622 vocat
470 570 727 623 Marianus
772 570 1051 624 Bernatdus
1097 590 1124 634 5
1170 569 1306 641 quasi
1349 569 1536 624 diceret
1569 575 1621 623 in
1647 588 1740 624 ex-

124 645 258 700 cessu
297 645 383 698 suo
419 669 433 699 ε
473 646 672 717 Rogare
701 646 854 717 potest
879 645 1040 699 filium
1071 682 1086 705 ,
1125 644 1157 698 fi
1186 648 1302 699 velit
1326 646 1518 699 donare
1543 667 1558 697 .-
1589 646 1621 698 fi
1640 665 1735 698 no-

124 723 180 776 Iit
212 760 226 783 ‚
268 740 460 794 urgere.
540 725 855 794 Qanquam
900 720 1157 796 urgendus
1193 740 1297 774 non
1336 722 1388 773 fit
1428 719 1558 775 filius
1592 758 1609 782 ‚
1645 726 1737 793 qui

122 801 244 872 legis
268 797 531 851 observans
557 835 572 859 ,
611 817 768 869 quam
793 798 904 851 tulit
928 837 945 862 ‚
979 814 1235 851 reveretur
1267 799 1492 852 Matrem
1525 837 1540 861 ,
1561 800 1737 868 explo-

123 891 202 930 rat
231 880 336 942 ejus
376 888 489 926 vota
523 912 538 936 ‚
578 882 634 929 «Sc
669 878 919 945 praevertit
958 878 1185 945 imperia.
1258 873 1411 925 Ροττὸ
1452 889 1505 924 ut
1542 873 1602 926 ab
1636 874 1736 927 hac

121 953 320 1026 eligaris
341 989 354 1013 ,
382 951 511 1020 elige
535 966 553 1015 3
578 950 686 1002 vult
714 949 742 1001 ὲ
766 965 814 1002 te
836 951 966 1022 eligi.
1047 951 1329 1004 Neminem
1372 949 1605 1022 relinguit
1633 955 1731 1004 mi-

121 1028 284 1083 serum
316 1061 329 1083 ,
354 1023 445 1077 nist
486 1023 586 1077 esse
624 1026 760 1078 velit.
813 1024 959 1096 Qud
985 1063 999 1087 ‚
1021 1024 1166 1097 qued
1216 1042 1315 1077 nee
1349 1042 1529 1079 omnes
1574 1030 1730 1096 patia-

124 1120 205 1157 tur
245 1102 446 1156 miseros
481 1138 496 1163 ,
536 1104 624 1172 qui
659 1101 756 1153 effe
800 1102 977 1153 volunt
1014 1114 1031 1155 ἓ
1069 1101 1207 1154 Patet
1241 1099 1483 1154 omnibus
1517 1138 1536 1162 ,
1573 1107 1728 1156 etiam

118 1179 246 1235 dum
292 1195 397 1230 non
437 1191 566 1247 patet
619 1178 846 1232 DEUS.
925 1177 1040 1231 Post
1063 1176 1296 1231 amiss‘um
1325 1179 1532 1231 DEuM
1561 1176 1733 1231 adhue

119 1255 332 1331 superest
359 1256 524 1308 Mater
549 1255 665 1308 DEI
691 1277 704 1308 z
728 1261 781 1308 δε
810 1255 917 1326 post
942 1254 1266 1328 naufragium
1294 1251 1464 1306 adhuc
1498 1253 1545 1306 se
1575 1251 1732 1307 offert

285 1328 448 1386 tabula
472 1336 627 1384 navis.
703 1330 942 1386 Abiecisti
977 1329 1110 1385 hanc-
1134 1328 1357 1386 tabulam
1384 1351 1416 1397 ,-
1450 1346 1564 1404 pet.

524 1406 638 1480 aisti,
714 1406 1109 1481 Apprehendisti
1150 1407 1286 1464 illam
1314 1427 1347 1480 ,ἡ

812 1483 1015 1539 evafistff.

1521 2314 1713 2387 xxv*
