1976 2584
253 49 479 123 pendent
518 48 548 104 ὲ
590 49 690 104 sole
705 46 725 113 ’,
744 63 869 104 eunt
907 48 973 104 a‘d
1011 50 1288 121 imperium
1325 91 1342 117 ‚
1372 51 1660 110 &redeunt
1682 52 1746 110 ad
1774 70 1877 109 nu·

255 143 408 184 tum:
447 126 791 184 adhaerescunt
831 126 916 180 soli
954 146 980 189 ,-
1016 132 1070 182 δε
1116 133 1334 200 perirent
1368 166 1384 193 ,
1427 129 1518 185 nifi
1563 129 1870 187 adhaeresce·

251 224 379 265 rent.

421 281 606 336 Talem
623 295 818 354 oportet
842 278 940 335 effe
954 280 1284 336 Secretarium
1311 281 1578 339 societatis.
1618 284 1802 342 Talem
1818 301 1870 341 te

253 359 470 438 probasti
487 360 766 422 ;Secretum
789 399 801 422 ,
833 373 887 410 ut
914 375 1104 433 tegeres
1133 377 1316 414 areana
1362 375 1448 416 tua
1470 379 1488 432 3
1511 360 1737 419 subtilem
1769 403 1785 429 ‚
1812 380 1873 420 ut

253 441 534 511 exploratos
571 437 729 490 aliena
770 454 787 504 3
823 432 1080 491 efficacem
1115 475 1129 499 ,
1170 452 1225 489 ut
1262 456 1430 512 ageres
1461 460 1487 505 ‚·
1525 439 1732 495 fidelem
1767 479 1782 504 ‚
1803 456 1880 494 ne*

252 519 422 572 fallere
466 514 616 566 velles
657 532 680 576 ‚-
717 512 987 584 sapientem
1019 550 1034 573 ‚
1078 531 1142 567 ne
1166 514 1269 566 salli
1308 514 1480 586 posses,
1562 519 1768 572 Eximiae
1794 516 1875 573 ha:

252 594 395 651 dotes
422 608 518 645 tuae
542 587 846 653 effecerunt,
878 589 1016 662 quod
1044 590 1341 646 Saan'tiffitni
1370 593 1588 648 Parentis
1621 599 1693 648 tui
1718 597 1873 669 lgna-

254 677 304 740 tij
330 667 555 743 primum
585 665 796 740 quidem
824 672 875 719 in
899 668 1143 740 Sapientia
1181 709 1194 732 ,
1221 676 1276 724 δε
1314 673 1510 725 Virtute
1540 709 1554 733 ,
1591 671 1779 726 deinde
1814 679 1874 729 δε

254 752 308 802 in
349 745 594 820 dignitate
625 743 880 799 Successor
914 781 929 805 ‚
973 744 1038 799 ad
1062 746 1292 817 suprema
1328 747 1562 800 universa:
1585 748 1833 803 Societatis
1857 785 1874 813 ‚

253 842 412 897 quarn
447 826 497 874 in
532 820 700 892 spiritu
749 822 966 874 Loiolaeo
995 841 1083 894 per
1108 841 1270 876 annos
1294 829 1393 889 jam
1427 842 1617 879 novem
1641 861 1658 887 ,
1682 833 1738 881 δε
1760 838 1873 880 am-'

252 896 771 973 plius,sapientiffime
820 895 1064 972 gubernas
1105 935 1122 962 ‚
1185 900 1523 974 gubernacula
1557 900 1616 956 fis
1656 903 1876 959 ενεᾶιιε.

250 980 367 1034 Nec
392 973 650 1030 ascendisti
675 979 904 1046 praecipiti
939 977 1057 1030 (altu
1085 1016 1099 1039 ,
1128 977 1211 1032 sed
1239 983 1455 1031 emerito
1481 978 1659 1052 greffu.
1737 981 1872 1034 Gra-

249 1055 345 1110 dus
375 1054 467 1106 fuit
499 1051 665 1105 honor
694 1070 824 1105 unus
862 1051 927 1107 ad
970 1055 1202 1108 alterum.
1244 1058 1356 1118 Jam
1399 1056 1649 1126 praelufisti
1697 1056 1874 1128 supre-

251 1149 349 1186 mae
378 1129 607 1204 dignitati
633 1165 648 1189 ,
675 1127 803 1183 dum
833 1129 1034 1203 gerebas
1059 1130 1309 1186 infimam.
1353 1132 1542 1187 Adhuc
1568 1133 1755 1186 Parmae
1777 1132 1876 1187 do·

252 1208 395 1260 cebas
442 1205 781 1278 Theologiam
813 1223 830 1270 3
866 1215 919 1262 δε
957 1208 1098 1261 fuere
1125 1245 1140 1268 ,
1181 1214 1268 1279 qui
1310 1208 1376 1262 de
1411 1227 1459 1262 te
1484 1209 1710 1262 dicerent
1737 1207 1871 1282 :post

252 1284 445 1358 aliquot
480 1297 638 1333 annos
690 1278 771 1331 hic
795 1284 1046 1335 Generalis
1076 1287 1192 1336 erit.
1254 1285 1444 1338 Adhuc
1473 1287 1699 1339 Mantuae
1728 1303 1875 1360 rege-

253 1359 340 1414 bas
384 1358 662 1428 collegium
704 1378 730 1421 ,·
772 1364 825 1411 δε
861 1362 966 1424 jam
1006 1360 1136 1413 visus
1174 1379 1225 1414 es
1259 1399 1274 1424 ,
1312 1362 1466 1432 qualis
1492 1379 1600 1415 eras
1648 1360 1869 1418 futurus.

254 1436 460 1506 Ubique
511 1433 665 1487 fecisti
715 1433 982 1502 Prophetas
1034 1440 1108 1488 tui
1148 1476 1160 1497 ‚
1198 1446 1252 1493 δε
1291 1455 1391 1490 vox
1421 1440 1589 1508 populi
1619 1439 1874 1494 anteceffit

251 1530 436 1566 vocem
467 1511 597 1564 DEI.
651 1512 756 1565 Vix
787 1525 835 1563 te
870 1513 1071 1565 Parrum
1095 1510 1325 1587 suffragia
1356 1514 1675 1583 Praepofitum
1700 1516 1873 1570 decla-

251 1589 420 1642 rarunt
451 1627 464 1649 ‚
503 1586 586 1640 abs
629 1604 774 1639 mora
810 1586 1158 1662 digniffimum
1210 1607 1259 1644 te
1302 1591 1510 1663 probasti
1548 1631 1562 1653 ‚
1598 1597 1679 1644 cui
1708 1590 1873 1646 ardua

251 1682 468 1736 quaeque
497 1668 945 1719 committerentur.
995 1666 1138 1721 Nihil
1165 1668 1249 1721 tibi
1283 1684 1383 1721 erat
1421 1673 1708 1722 intricatum
1744 1708 1758 1732 ‚
1790 1673 1873 1722 ni-

252 1742 321 1796 hil
354 1759 459 1794 non
492 1757 662 1811 patens
689 1762 700 1794 ε
724 1747 777 1795 δε
802 1741 921 1796 cum
953 1747 1004 1796 in
1031 1744 1171 1811 plura
1201 1744 1349 1799 fimul
1373 1750 1571 1818 negotia
1596 1743 1873 1799 incumbe-

251 1837 326 1872 res
355 1858 368 1881 ,
401 1823 469 1870 ita
507 1834 553 1869 te
596 1817 798 1891 fingulis
835 1836 999 1873 totum
1043 1820 1307 1876 addicebas
1332 1860 1345 1884 ‚
1375 1840 1434 1875 ac
1459 1821 1492 1873 fi
1538 1827 1628 1875 uni
1653 1840 1871 1885 vacares,

252 1896 438 1966 Neque
472 1912 614 1948 mens
641 1910 726 1947 tua
754 1913 924 1948 rerum
965 1892 1260 1951 difficultate
1288 1896 1518 1950 retardari
1544 1936 1557 1959 ,
1581 1913 1664 1951 aut
1696 1899 1871 1951 multi-

252 1971 430 2028 tudine
456 1970 598 2025 obrui
622 1975 800 2048 potuit.
853 1972 1097 2026 Illustrasti
1126 1973 1229 2026 illas
1257 1975 1408 2030 instar
1427 1972 1536 2028 solis
1560 1992 1645 2049 per
1667 1973 1862 2029 Zodia-

1040 2055 1096 2119 Η
1143 2069 1166 2120 3
1820 2053 1870 2122 εἰ,
