1888 2584
139 70 239 126 ’ῐῇ
789 67 907 136 Q<
945 71 1000 131 »Ἡ
1032 65 1149 138 >3ss

141 192 427 251 amatorem
453 188 598 248 nobi&
623 187 868 267 mitigent.
946 195 1071 246 Sunt
1100 191 1390 249 candelabra
1415 194 1627 248 lucentia
1651 194 1666 254 ,⁷
1694 191 1747 246 ut

141 271 284 327 nobis
310 277 442 324 viam
473 271 538 325 ad
568 274 832 340 supernam
863 277 1066 341 patriam
1085 274 1499 326 commonstrent.
1579 275 1635 324 In
1655 286 1749 322 ter-

143 354 206 402 ris
230 346 314 400 vifi
346 350 453 401 suut
477 387 491 410 ,
518 362 573 401 ut
602 347 760 400 essent
787 349 1023 417 exemplo
1049 355 1134 416 3in
1150 350 1304 404 coelos
1340 349 1488 400 levati
1517 348 1624 401 sunt
1662 386 1676 409 ‚
1698 362 1752 399 ut

139 425 536 495 fintpatrociniO.
613 429 786 494 Qare
812 442 963 495 quem
998 443 1081 495 per
1116 428 1374 478 intervalla
1414 423 1579 478 sortito
1606 442 1748 476 acce·
1813 445 1816 449 ’

142 508 214 573 pit
238 540 251 561 ‚
279 502 531 572 exquifitis
556 500 800 573 obsequiis
832 501 1082 556 demereri
1123 503 1206 556 fibi
1247 503 1432 557 studuit
1471 503 1749 555 Stanislaus.

140 581 266 633 Non
292 576 569 640 dubitabat,
602 585 727 650 quin
759 597 949 653 magno
987 578 1180 633 delectu
1221 579 1390 632 habito
1431 579 1512 632 fibi
1542 579 1567 630 a
1608 577 1750 632 DEO

137 659 474 729 porrigeretur
500 695 512 718 ,
547 658 684 708 velut
727 658 924 727 clypeus
964 672 1138 709 contra
1167 657 1387 713 incursus
1410 656 1706 709 daemonum
1738 691 1751 713 ‚

138 733 275 784 velut
307 733 467 784 calcar
497 732 561 787 ad
586 738 774 786 virtutis
812 732 1035 787 studium
1080 773 1093 794 ‚
1134 735 1267 786 velut
1292 732 1658 804 compendium
1687 727 1750 783 ad

141 824 331 862 metam
373 810 548 862 salut-is.
633 814 865 883 Virgines
896 815 1154 862 innocenti
1194 816 1404 881 puritate
1441 851 1455 872 ‚
1506 810 1752 878 Martyres

138 885 372 958 singulari
398 891 628 956 patientia
650 923 662 944 ,
688 884 1005 938 confessores
1032 889 1307 957 exemplari
1361 892 1458 938 vita
1494 886 1751 938 devincie-

140 961 242 1015 bat.
325 964 608 1016 Contentus
643 979 747 1013 non
787 978 890 1012 erat
929 962 1028 1013 solo
1063 964 1233 1014 osculo
1261 1001 1274 1024 ,
1301 979 1384 1014 aut
1414 962 1750 1032 perfuntfmria

141 1039 360 1090 lechone
381 1059 407 1101 ,·
445 1035 611 1090 minus
649 1037 814 1090 multo
832 1043 958 1090 inter
985 1040 1274 1108 quisquilias
1295 1038 1539 1105 rejiciebat
1566 1078 1578 1099 ,
1603 1042 1753 1089 nimis

139 1114 441 1169 indecorum
484 1130 616 1166 ratus
648 1151 664 1174 ,
702 1113 735 1166 fi
774 1131 1018 1188 magnum
1048 1119 1324 1186 principem
1363 1114 1579 1167 domum
1611 1115 1750 1165 suam

138 1194 380 1263 reciperet
405 1227 419 1250 ‚
452 1198 506 1245 δε
534 1190 780 1243 continuo
809 1190 940 1264 quafi
972 1192 1245 1245 fastiditum
1285 1190 1529 1243 inurbana
1569 1188 1752 1261 digres-

139 1267 276 1321 fione
324 1266 485 1322 solum
532 1269 849 1340 relinqueret.
929 1269 1280 1323 AEmu-labatur
1318 1267 1609 1320 charismata
1645 1283 1757 1316 me-

137 1345 275 1398 liora.
312 1344 721 1400 Thesauriinstar
747 1345 1017 1399 asservabat
1061 1345 1278 1406 sollicite,
1315 1349 1454 1418 Qias
1481 1362 1543 1395 ex
1572 1359 1751 1395 eorum

144 1420 438 1476 nominibus
464 1425 682 1476 Litanias
706 1427 1100 1475 concinnaverat
1128 1461 1140 1483 ,
1176 1427 1224 1473 in
1257 1426 1428 1474 mortis
1453 1418 1677 1472 confinio
1694 1417 1754 1469 fi-

141 1497 190 1550 bi
217 1499 410 1571 praelegi
438 1536 452 1560 ,
480 1506 533 1554 δε
567 1517 670 1550 non
696 1499 783 1551 uisi
819 1517 935 1552 curn
963 1499 1039 1551 his
1066 1498 1373 1557 schedulis,e
1406 1498 1536 1549 collo
1555 1494 1754 1566 pendu-

137 1575 195 1626 lis
215 1580 465 1634 ‚animam
499 1594 646 1647 agere
672 1577 842 1629 voluit.
922 1575 1095 1648 Quam
1120 1576 1286 1628 secure
1312 1573 1539 1648 migrabit
1576 1577 1756 1644 igitur,

141 1655 230 1722 qui
244 1667 314 1702 tot
329 1652 669 1722 talesq3Duces
686 1652 768 1704 fibi
782 1653 1202 1726 adjunxitlQuam
1222 1651 1342 1705 nihil
1360 1664 1548 1704 metuet
1564 1648 1758 1701 daerno-

142 1744 270 1781 num
303 1727 501 1781 affultus
526 1737 720 1790 ‚cuitot
739 1729 984 1785 Custodes
998 1730 1190 1784 scutum
1218 1722 1557 1802 praetendunt!
1574 1724 1753 1798 QJ-am

146 1822 255 1857 non
298 1806 589 1876 expavescet
617 1804 802 1869 judicis
845 1800 1138 1860 sententiam
1176 1844 1188 1868 ,
1244 1824 1333 1877 pro
1375 1824 1478 1877 quo
1514 1819 1615 1856 tam
1653 1803 1758 1854 elo-

144 1899 361 1953 quentes
393 1899 626 1954 perorant
668 1882 960 1937 Advocati!
1002 1882 1212 1936 Paulum
1251 1887 1341 1936 erit
1365 1920 1378 1941 ,
1409 1891 1460 1936 &
1496 1895 1761 1934 momento

145 1963 304 2010 unico
333 1963 381 2009 in
417 1966 747 2012 aeternitatem
783 1964 1021 2013 attonitus
1058 1965 1254 2032 rapieris
1282 1999 1295 2021 ,
1331 1958 1627 2013 Timothee.
1706 1957 1761 2008 O

142 2041 386 2087 aeternitas
413 2040 430 2086 ί
467 2035 640 2103 Quam
675 2052 722 2088 te
751 2055 906 2088 nemo
930 2042 1060 2108 capit
1093 2077 1105 2100 ,
1133 2036 1220 2089 nifi
1245 2042 1326 2108 qui
1355 2035 1384 2087 ἐι
1409 2054 1455 2089 te
1483 2049 1652 2105 captus
1668 2033 1756 2085 est!

142 2113 197 2168 O
234 2118 503 2165 aeternitas!
576 2112 749 2186 Qam
777 2112 862 2165 tibi
892 2131 990 2165 vox
1018 2114 1180 2166 brevis
1203 2154 1214 2174 ,
1242 2121 1293 2168 &
1319 2112 1472 2186 quam
1495 2114 1671 2182 longus
1687 2109 1758 2162 est

145 2185 305 2246 sensus
335 2182 347 2243 l
377 2190 429 2241 O
458 2196 701 2242 aeternitas
733 2183 746 2244 l
782 2189 951 2261 Quam
985 2196 1149 2261 paucis
1171 2189 1408 2262 descripta
1433 2191 1603 2242 litteris
1634 2225 1647 2246 ,
1675 2185 1752 2237 sae-

144 2266 256 2320 cula
285 2263 436 2333 quam
479 2269 725 2319 immensa
757 2267 983 2320 describis
1001 2272 1018 2318 !
1033 2271 1294 2322 AEternitas
1315 2273 1422 2318 vitae
1435 2280 1519 2317 aut
1545 2267 1714 2315 mortis
1740 2266 1757 2313 !

148 2341 407 2398 Hottibilis
425 2342 525 2396 fine
541 2344 806 2400 menstruis
835 2338 1275 2403 Advocatislsseata
1289 2361 1404 2406 cum
1424 2340 1497 2397 his
1511 2332 1750 2396 Patronis!

1565 2414 1762 2474 XXIX,
