1888 2584
745 27 858 96 Q(
895 33 950 90 ›i‹
983 26 1112 100 >Q
1653 45 1675 86 ι
1693 39 1747 99 ¹3

126 155 1746 253 ffiffiffifflffiffiffiffiffiffiffl

215 465 377 522 Cribit
417 463 639 520 Maffeus
665 462 827 518 noster
862 501 875 526 ,
928 463 1186 520 Cambaiae
1227 468 1278 517 in
1322 466 1737 537 amplissima-ek

250 549 399 597 vitate
428 583 441 606 ,
480 544 831 595 nosocomium
875 548 1044 596 avium
1086 542 1355 616 magnifice
1393 545 1735 604 exstruelum,

118 626 172 672 δε
203 626 381 673 annuis
411 618 730 692 vefligalibus
757 619 887 671 laute
916 619 1146 673 dotatum
1180 639 1203 681 ,·
1233 625 1402 689 inquo
1432 619 1578 679 Picae,
1608 622 1733 675 Mo·

119 697 320 750 nedulae
341 737 355 758 ,
399 696 657 755 phasiani,
685 695 940 756 Pavones,
969 694 1157 748 Pfi-ttaci
1175 734 1187 758 ,
1220 696 1435 748 morbidi
1464 732 1478 755 ,
1530 714 1589 748 ac
1625 699 1731 750 sau·

116 775 215 833 cii,
272 774 452 844 magnai
503 772 619 823 curi
669 770 1303 842 studioquesfovebantur.
1381 770 1571 823 Verum
1614 771 1733 826 licet

114 854 168 900 δε
213 849 436 899 medicus
466 885 479 907 ,
514 854 565 899 δε
604 845 861 898 medicina
895 850 1090 918 aegrotis
1126 847 1332 916 pretiosa
1372 845 1605 898 charitate
1637 846 1730 913 ad-=

111 920 363 974 biberetur
399 962 413 984 ,
466 918 662 991 (emper
714 924 953 990 inquietas
1011 937 1183 974 tamen
1245 925 1459 975 aviculas
1511 922 1725 975 vidisses.

110 998 253 1069 Quid
291 1003 356 1051 ita
404 1003 427 1051 ?
491 996 698 1051 Animal
742 999 813 1052 est
858 997 1088 1049 libertatis
1142 1015 1334 1051 amans.
1414 999 1729 1067 captivitatis

108 1079 371 1145 impatiens
411 1114 424 1135 ,
461 1079 610 1126 ctiam
651 1090 800 1125 aurea
839 1074 1040 1125 vinc-ula
1073 1071 1385 1147 dedignatur,
1464 1074 1724 1127 Philome-

107 1152 207 1202 lam
241 1149 408 1219 dapsili
437 1189 449 1210 ,
475 1158 530 1204 δε
563 1154 697 1221 regio
723 1148 902 1219 pabulo
936 1147 1079 1201 domi
1117 1165 1209 1201 tuae
1250 1154 1384 1201 nutri
1405 1170 1427 1210 ,-
1454 1155 1720 1220 perniciter

103 1224 347 1282 avolabit,
388 1225 422 1273 fi
452 1227 528 1275 vel
552 1231 680 1274 rima
706 1240 906 1292 pateat3
946 1243 1005 1274 ac
1028 1224 1308 1277 libertatem
1332 1228 1514 1299 eliget,
1554 1244 1719 1296 quan-

103 1305 289 1352 tumvis
353 1303 483 1370 frugi
558 1297 849 1358 νίᾶἰτειηάο,
939 1300 1181 1357 Maxima:
1229 1299 1347 1352 alias
1400 1301 1721 1356 admirationi

101 1378 172 1430 est
196 1414 210 1438 ‚
249 1373 387 1446 quod
420 1379 474 1426 in
500 1390 604 1426 tam
636 1375 749 1425 exili
789 1392 996 1444 corpore
1036 1393 1133 1427 vox
1175 1395 1279 1428 tam
1315 1378 1470 1430 suavis
1495 1379 1722 1450 hospite-

101 1467 182 1504 tur
211 1468 227 1518 3
270 1449 406 1520 quod
458 1468 616 1502 verno
659 1465 888 1520 tempore
917 1490 929 1512 ,
967 1450 1086 1504 curn
1119 1452 1315 1506 arbores
1335 1452 1580 1507 frondent
1609 1494 1622 1517 ,
1657 1474 1715 1509 ae

101 1525 266 1580 herba:
286 1523 877 1596 pubescunt‚quindecim
894 1527 1073 1581 diebus
1089 1528 1267 1597 perdiu
1281 1547 1340 1581 ac
1356 1548 1543 1599 pernox
1561 1531 1711 1602 liqui-

99 1602 317 1656 diffinies
351 1618 526 1654 cantus
552 1607 903 1675 tenuigutture
928 1602 1155 1655 funditet.
1171 1604 1326 1659 Unde
1352 1610 1491 1659 enim
1525 1612 1577 1658 in
1607 1612 1713 1659 avi-

98 1680 211 1731 cula
249 1695 349 1730 tam
381 1684 605 1749 pertinax
632 1679 821 1749 spiritus
858 1689 874 1732 ἐ
914 1678 1067 1731 Unde
1107 1695 1206 1732 tam
1251 1685 1464 1752 persedra
1505 1682 1714 1738 musices

99 1757 298 1807 scientia
318 1759 341 1805 ?
378 1754 513 1807 Tam
547 1755 801 1826 ingeniosa
816 1754 1133 1809 modulatio?
1162 1757 1292 1812 Tam
1322 1758 1479 1811 dulcis
1505 1759 1654 1813 sonus
1684 1771 1704 1815 ἓ

96 1834 204 1908 Qii
235 1828 610 1884 modotrahit-ur
639 1836 690 1883 in
715 1832 923 1903 longum
949 1834 1108 1901 spiritu
1135 1839 1380 1887 continuo
1401 1852 1585 1898 ,mune
1616 1854 1705 1888 va-

94 1914 248 1960 riatur
277 1905 508 1971 inflexo;
538 1923 679 1959 nunc
719 1906 1039 1976 distinquitur
1098 1910 1249 1961 inciso
1273 1949 1286 1971 ‚
1329 1912 1590 1980 copulatur
1621 1916 1706 1964 in-

94 1999 226 2036 terto
251 2019 265 2043 ‚
308 1987 608 2052 promittitur
633 1996 900 2036 revocato?
940 1982 1099 2055 Qud,
1126 1983 1241 2037 cum
1261 1986 1490 2040 modulos
1532 2003 1704 2057 praeter

93 2064 385 2131 opinionem
449 2074 730 2111 commutat
769 2073 783 2113 ἓ
831 2059 973 2129 Quid
1013 2098 1028 2123 ‚
1092 2060 1233 2131 quod
1282 2069 1384 2130 jam
1451 2064 1654 2134 plenam
1675 2102 1691 2126 ,

90 2153 292 2210 gravem
311 2171 328 2195 ,
368 2150 596 2196 acutam,
633 2133 886 2196 crebram,
927 2137 1234 2192 contratilam
1264 2177 1277 2200 ,
1301 2137 1528 2193 diffusam
1546 2160 1570 2203 ‚·
1592 2148 1695 2208 jam

90 2228 398 2287 attenuatam
433 2249 448 2276 ,
482 2210 704 2268 inflatam
731 2250 747 2278 ,
814 2212 1095 2268 vibrantem
1151 2251 1167 2278 ‚
1242 2214 1495 2272 summam
1523 2253 1538 2279 ‚
1582 2235 1693 2270 me-

795 2288 832 2341 1>
1540 2291 1696 2358 diam,
