<?xml version="1.0" encoding="UTF-8"?>
<!DOCTYPE html PUBLIC "-//W3C//DTD XHTML 1.0 Transitional//EN"
    "http://www.w3.org/TR/xhtml1/DTD/xhtml1-transitional.dtd">
<html xmlns="http://www.w3.org/1999/xhtml" xml:lang="en" lang="en">
 <head>
  <title>
</title>
<meta http-equiv="Content-Type" content="text/html;charset=utf-8" />
  <meta name='ocr-system' content='tesseract 3.04.00' />
  <meta name='ocr-capabilities' content='ocr_page ocr_carea ocr_par ocr_line ocrx_word'/>
</head>
<body>
  <div class='ocr_page' id='page_1' title='image "./philosophiasacra00zetl_0207.png"; bbox 0 0 1888 2584; ppageno 0'>
   <div class='ocr_carea' id='block_1_1' title="bbox 729 48 1743 118">
    <p class='ocr_par' dir='ltr' id='par_1_1' title="bbox 729 48 1743 118">
     <span class='ocr_line' id='line_1_1' title="bbox 729 48 1743 118; baseline -0.016 0"><span class='ocrx_word' id='word_1_1' title='bbox 729 50 845 117; x_wconf 58' lang='lat'>03&amp;</span> <span class='ocrx_word' id='word_1_2' title='bbox 885 55 939 111; x_wconf 60' lang='grc' dir='ltr'>ὦ</span> <span class='ocrx_word' id='word_1_3' title='bbox 971 48 1087 116; x_wconf 44' lang='lat' dir='ltr'>&gt;Q</span> <span class='ocrx_word' id='word_1_4' title='bbox 1651 63 1743 118; x_wconf 78' lang='lat'>¹²7</span> 
     </span>
    </p>
   </div>
   <div class='ocr_carea' id='block_1_2' title="bbox 107 172 1740 2306">
    <p class='ocr_par' dir='ltr' id='par_1_2' title="bbox 107 172 1740 2306">
     <span class='ocr_line' id='line_1_2' title="bbox 126 172 1740 246; baseline -0.004 -12"><span class='ocrx_word' id='word_1_5' title='bbox 126 177 346 234; x_wconf 88' lang='lat' dir='ltr'>dabilem</span> <span class='ocrx_word' id='word_1_6' title='bbox 379 177 732 238; x_wconf 86' lang='lat' dir='ltr'>constantiam,</span> <span class='ocrx_word' id='word_1_7' title='bbox 753 173 1005 228; x_wconf 80' lang='lat' dir='ltr'>Adamas:</span> <span class='ocrx_word' id='word_1_8' title='bbox 1063 174 1110 227; x_wconf 85' lang='lat' dir='ltr'>Si</span> <span class='ocrx_word' id='word_1_9' title='bbox 1138 176 1232 227; x_wconf 89' lang='lat' dir='ltr'>rari</span> <span class='ocrx_word' id='word_1_10' title='bbox 1259 172 1480 245; x_wconf 84' lang='lat' dir='ltr'>denique</span> <span class='ocrx_word' id='word_1_11' title='bbox 1515 176 1740 246; x_wconf 80' lang='lat' dir='ltr'>exempli</span> 
     </span>
     <span class='ocr_line' id='line_1_3' title="bbox 125 248 1735 326; baseline -0.001 -20"><span class='ocrx_word' id='word_1_12' title='bbox 125 259 373 326; x_wconf 82' lang='lat' dir='ltr'>optimam</span> <span class='ocrx_word' id='word_1_13' title='bbox 435 253 660 308; x_wconf 85' lang='lat' dir='ltr'><strong>indolem</strong></span> <span class='ocrx_word' id='word_1_14' title='bbox 701 288 716 314; x_wconf 89' lang='lat'>‚</span> <span class='ocrx_word' id='word_1_15' title='bbox 796 253 1010 323; x_wconf 86' lang='lat' dir='ltr'>Peryllus</span> <span class='ocrx_word' id='word_1_16' title='bbox 1065 252 1158 303; x_wconf 89' lang='lat' dir='ltr'>fuit</span> <span class='ocrx_word' id='word_1_17' title='bbox 1189 288 1202 310; x_wconf 85' lang='lat'>‚</span> <span class='ocrx_word' id='word_1_18' title='bbox 1244 248 1355 304; x_wconf 72' lang='lat' dir='ltr'>alias</span> <span class='ocrx_word' id='word_1_19' title='bbox 1395 256 1447 303; x_wconf 89' lang='lat' dir='ltr'>in</span> <span class='ocrx_word' id='word_1_20' title='bbox 1489 250 1624 314; x_wconf 76' lang='lat' dir='ltr'>sola,</span> <span class='ocrx_word' id='word_1_21' title='bbox 1678 267 1735 305; x_wconf 89' lang='lat' dir='ltr'>ut</span> 
     </span>
     <span class='ocr_line' id='line_1_4' title="bbox 125 325 1734 400; baseline -0.002 -16"><span class='ocrx_word' id='word_1_22' title='bbox 125 329 361 391; x_wconf 81' lang='lat' dir='ltr'>scribunt,</span> <span class='ocrx_word' id='word_1_23' title='bbox 405 331 547 383; x_wconf 88' lang='lat' dir='ltr'>India</span> <span class='ocrx_word' id='word_1_24' title='bbox 584 327 912 400; x_wconf 78' lang='lat' dir='ltr'>reperiendus,</span> <span class='ocrx_word' id='word_1_25' title='bbox 1006 331 1139 381; x_wconf 86' lang='lat' dir='ltr'>Hinc</span> <span class='ocrx_word' id='word_1_26' title='bbox 1167 345 1319 380; x_wconf 87' lang='lat' dir='ltr'>nemo</span> <span class='ocrx_word' id='word_1_27' title='bbox 1341 325 1558 382; x_wconf 85' lang='lat' dir='ltr'>domum</span> <span class='ocrx_word' id='word_1_28' title='bbox 1587 327 1734 393; x_wconf 90' lang='lat' dir='ltr'>redit,</span> 
     </span>
     <span class='ocr_line' id='line_1_5' title="bbox 125 405 1736 478; baseline 0 -21"><span class='ocrx_word' id='word_1_29' title='bbox 125 413 249 478; x_wconf 82' lang='lat' dir='ltr'>quin</span> <span class='ocrx_word' id='word_1_30' title='bbox 280 424 380 458; x_wconf 88' lang='lat' dir='ltr'>non</span> <span class='ocrx_word' id='word_1_31' title='bbox 407 405 525 457; x_wconf 78' lang='lat' dir='ltr'>illud</span> <span class='ocrx_word' id='word_1_32' title='bbox 554 406 718 458; x_wconf 85' lang='lat' dir='ltr'>secum</span> <span class='ocrx_word' id='word_1_33' title='bbox 738 410 908 457; x_wconf 85' lang='lat' dir='ltr'>tacitus</span> <span class='ocrx_word' id='word_1_34' title='bbox 936 420 1120 474; x_wconf 83' lang='lat' dir='ltr'>repetat</span> <span class='ocrx_word' id='word_1_35' title='bbox 1156 427 1167 456; x_wconf 73' lang='grc' dir='ltr'><strong>ε</strong></span> <span class='ocrx_word' id='word_1_36' title='bbox 1249 407 1456 456; x_wconf 86' lang='lat' dir='ltr'>Utinam</span> <span class='ocrx_word' id='word_1_37' title='bbox 1491 410 1736 457; x_wconf 87' lang='lat' dir='ltr'>moriatur</span> 
     </span>
     <span class='ocr_line' id='line_1_6' title="bbox 124 483 1737 550; baseline -0.002 -14"><span class='ocrx_word' id='word_1_38' title='bbox 124 488 295 536; x_wconf 87' lang='lat' dir='ltr'>anima</span> <span class='ocrx_word' id='word_1_39' title='bbox 335 499 446 534; x_wconf 83' lang='lat' dir='ltr'>mea</span> <span class='ocrx_word' id='word_1_40' title='bbox 482 498 645 534; x_wconf 87' lang='lat' dir='ltr'>morte</span> <span class='ocrx_word' id='word_1_41' title='bbox 686 483 969 535; x_wconf 55' lang='lat' dir='ltr'>sambrum</span> <span class='ocrx_word' id='word_1_42' title='bbox 1001 486 1019 532; x_wconf 87' lang='lat'>.&#39;</span> <span class='ocrx_word' id='word_1_43' title='bbox 1060 483 1172 534; x_wconf 87' lang='lat' dir='ltr'>Nec</span> <span class='ocrx_word' id='word_1_44' title='bbox 1199 485 1352 532; x_wconf 88' lang='lat' dir='ltr'>miror</span> <span class='ocrx_word' id='word_1_45' title='bbox 1382 497 1398 548; x_wconf 80' lang='lat'>3</span> <span class='ocrx_word' id='word_1_46' title='bbox 1426 487 1543 550; x_wconf 88' lang='lat' dir='ltr'>quia</span> <span class='ocrx_word' id='word_1_47' title='bbox 1580 498 1737 533; x_wconf 89' lang='lat' dir='ltr'>nemo</span> 
     </span>
     <span class='ocr_line' id='line_1_7' title="bbox 121 555 1735 628; baseline -0.002 -16"><span class='ocrx_word' id='word_1_48' title='bbox 121 566 185 612; x_wconf 87' lang='lat' dir='ltr'>ita</span> <span class='ocrx_word' id='word_1_49' title='bbox 218 562 336 611; x_wconf 88' lang='lat' dir='ltr'>vivit</span> <span class='ocrx_word' id='word_1_50' title='bbox 389 556 621 611; x_wconf 73' lang='lat' dir='ltr'>scelerate</span> <span class='ocrx_word' id='word_1_51' title='bbox 657 596 670 619; x_wconf 88' lang='lat'><em>‚</em></span> <span class='ocrx_word' id='word_1_52' title='bbox 702 564 824 628; x_wconf 86' lang='lat' dir='ltr'>quin</span> <span class='ocrx_word' id='word_1_53' title='bbox 850 574 982 628; x_wconf 89' lang='lat' dir='ltr'>optet</span> <span class='ocrx_word' id='word_1_54' title='bbox 1007 562 1138 610; x_wconf 87' lang='lat' dir='ltr'>mori</span> <span class='ocrx_word' id='word_1_55' title='bbox 1185 555 1327 609; x_wconf 87' lang='lat' dir='ltr'>bene.</span> <span class='ocrx_word' id='word_1_56' title='bbox 1427 555 1735 627; x_wconf 81' lang='lat' dir='ltr'>Desperatis-</span> 
     </span>
     <span class='ocr_line' id='line_1_8' title="bbox 121 633 1731 705; baseline -0.002 -17"><span class='ocrx_word' id='word_1_57' title='bbox 121 635 252 688; x_wconf 74' lang='lat' dir='ltr'>fimat</span> <span class='ocrx_word' id='word_1_58' title='bbox 278 639 387 687; x_wconf 80' lang='lat' dir='ltr'>vita:</span> <span class='ocrx_word' id='word_1_59' title='bbox 416 636 486 688; x_wconf 91' lang='lat' dir='ltr'>est</span> <span class='ocrx_word' id='word_1_60' title='bbox 517 672 531 694; x_wconf 90' lang='lat'>‚</span> <span class='ocrx_word' id='word_1_61' title='bbox 575 639 660 704; x_wconf 86' lang='lat' dir='ltr'>qui</span> <span class='ocrx_word' id='word_1_62' title='bbox 705 633 892 687; x_wconf 83' lang='lat' dir='ltr'>bonam</span> <span class='ocrx_word' id='word_1_63' title='bbox 945 648 1164 687; x_wconf 85' lang='lat' dir='ltr'>mortem</span> <span class='ocrx_word' id='word_1_64' title='bbox 1197 651 1301 684; x_wconf 89' lang='lat' dir='ltr'>non</span> <span class='ocrx_word' id='word_1_65' title='bbox 1330 647 1479 702; x_wconf 86' lang='lat' dir='ltr'>optat.</span> <span class='ocrx_word' id='word_1_66' title='bbox 1562 635 1731 705; x_wconf 87' lang='lat' dir='ltr'>Roga,</span> 
     </span>
     <span class='ocr_line' id='line_1_9' title="bbox 122 709 1729 782; baseline 0 -20"><span class='ocrx_word' id='word_1_67' title='bbox 122 711 277 782; x_wconf 75' lang='lat' dir='ltr'>quam</span> <span class='ocrx_word' id='word_1_68' title='bbox 331 712 478 771; x_wconf 86' lang='lat' dir='ltr'>voles,</span> <span class='ocrx_word' id='word_1_69' title='bbox 511 711 797 779; x_wconf 85' lang='lat' dir='ltr'>improbum</span> <span class='ocrx_word' id='word_1_70' title='bbox 839 750 852 773; x_wconf 90' lang='lat'>‚</span> <span class='ocrx_word' id='word_1_71' title='bbox 901 716 1162 763; x_wconf 85' lang='lat' dir='ltr'>neminem</span> <span class='ocrx_word' id='word_1_72' title='bbox 1201 709 1463 769; x_wconf 75' lang='lat' dir='ltr'>ostende5‚</span> <span class='ocrx_word' id='word_1_73' title='bbox 1506 714 1594 779; x_wconf 90' lang='lat' dir='ltr'>qui</span> <span class='ocrx_word' id='word_1_74' title='bbox 1623 710 1729 762; x_wconf 82' lang='lat' dir='ltr'>talis</span> 
     </span>
     <span class='ocr_line' id='line_1_10' title="bbox 122 785 1734 857; baseline -0.001 -18"><span class='ocrx_word' id='word_1_75' title='bbox 122 788 430 848; x_wconf 85' lang='lat' dir='ltr'>morivelit,</span> <span class='ocrx_word' id='word_1_76' title='bbox 457 789 615 857; x_wconf 82' lang='lat' dir='ltr'>qualis</span> <span class='ocrx_word' id='word_1_77' title='bbox 647 794 818 839; x_wconf 88' lang='lat' dir='ltr'>vivere</span> <span class='ocrx_word' id='word_1_78' title='bbox 845 786 1025 839; x_wconf 86' lang='lat' dir='ltr'>audet.-</span> <span class='ocrx_word' id='word_1_79' title='bbox 1066 785 1154 837; x_wconf 84' lang='lat' dir='ltr'>nifi</span> <span class='ocrx_word' id='word_1_80' title='bbox 1196 792 1304 854; x_wconf 77' lang='lat' dir='ltr'>quis</span> <span class='ocrx_word' id='word_1_81' title='bbox 1340 801 1423 836; x_wconf 87' lang='lat' dir='ltr'>aut</span> <span class='ocrx_word' id='word_1_82' title='bbox 1445 786 1610 837; x_wconf 80' lang='lat' dir='ltr'>DEuM</span> <span class='ocrx_word' id='word_1_83' title='bbox 1638 803 1734 838; x_wconf 87' lang='lat' dir='ltr'>ne-</span> 
     </span>
     <span class='ocr_line' id='line_1_11' title="bbox 121 860 1734 936; baseline -0.004 -22"><span class='ocrx_word' id='word_1_84' title='bbox 121 879 235 936; x_wconf 83' lang='lat' dir='ltr'>get3</span> <span class='ocrx_word' id='word_1_85' title='bbox 268 877 352 914; x_wconf 89' lang='lat' dir='ltr'>aut</span> <span class='ocrx_word' id='word_1_86' title='bbox 384 864 569 914; x_wconf 87' lang='lat' dir='ltr'>inferos</span> <span class='ocrx_word' id='word_1_87' title='bbox 599 864 781 913; x_wconf 85' lang='lat' dir='ltr'>nesciat</span> <span class='ocrx_word' id='word_1_88' title='bbox 807 883 834 924; x_wconf 79' lang='lat'>,-</span> <span class='ocrx_word' id='word_1_89' title='bbox 911 877 994 912; x_wconf 82' lang='lat' dir='ltr'>aut</span> <span class='ocrx_word' id='word_1_90' title='bbox 1023 860 1178 912; x_wconf 84' lang='lat' dir='ltr'>rideat</span> <span class='ocrx_word' id='word_1_91' title='bbox 1206 865 1549 912; x_wconf 79' lang='lat' dir='ltr'>aeternitatern.</span> <span class='ocrx_word' id='word_1_92' title='bbox 1628 863 1734 915; x_wconf 80' lang='lat' dir='ltr'>Ve-</span> 
     </span>
     <span class='ocr_line' id='line_1_12' title="bbox 121 901 1732 1008; baseline 0 -19"><span class='ocrx_word' id='word_1_93' title='bbox 121 901 235 990; x_wconf 68' lang='lat' dir='ltr'>rum³</span> <span class='ocrx_word' id='word_1_94' title='bbox 272 955 425 1008; x_wconf 82' lang='lat' dir='ltr'>quam</span> <span class='ocrx_word' id='word_1_95' title='bbox 473 936 636 1006; x_wconf 84' lang='lat' dir='ltr'>lepide</span> <span class='ocrx_word' id='word_1_96' title='bbox 665 938 786 991; x_wconf 84' lang='lat' dir='ltr'>ista.</span> <span class='ocrx_word' id='word_1_97' title='bbox 774 929 784 974; x_wconf 69' lang='lat'>¹</span> <span class='ocrx_word' id='word_1_98' title='bbox 815 938 952 989; x_wconf 87' lang='lat' dir='ltr'>Bene</span> <span class='ocrx_word' id='word_1_99' title='bbox 981 940 1110 988; x_wconf 85' lang='lat' dir='ltr'>mori</span> <span class='ocrx_word' id='word_1_100' title='bbox 1139 954 1314 990; x_wconf 87' lang='lat' dir='ltr'>omnes</span> <span class='ocrx_word' id='word_1_101' title='bbox 1342 939 1608 1006; x_wconf 87' lang='lat' dir='ltr'>cupimus·</span> <span class='ocrx_word' id='word_1_102' title='bbox 1595 973 1612 1003; x_wconf 80' lang='grc'>,</span> <span class='ocrx_word' id='word_1_103' title='bbox 1656 940 1732 989; x_wconf 85' lang='lat' dir='ltr'>vi-</span> 
     </span>
     <span class='ocr_line' id='line_1_13' title="bbox 118 1011 1730 1074; baseline -0.001 -8"><span class='ocrx_word' id='word_1_104' title='bbox 118 1032 233 1066; x_wconf 88' lang='lat' dir='ltr'>vere</span> <span class='ocrx_word' id='word_1_105' title='bbox 255 1011 554 1073; x_wconf 73' lang='lat' dir='ltr'>omne3,sed</span> <span class='ocrx_word' id='word_1_106' title='bbox 582 1011 722 1073; x_wconf 89' lang='lat' dir='ltr'>bene.</span> <span class='ocrx_word' id='word_1_107' title='bbox 739 1031 845 1064; x_wconf 87' lang='lat' dir='ltr'>non</span> <span class='ocrx_word' id='word_1_108' title='bbox 872 1012 1168 1072; x_wconf 83' lang='lat' dir='ltr'>laboramus</span> <span class='ocrx_word' id='word_1_109' title='bbox 1247 1013 1316 1063; x_wconf 83' lang='lat' dir='ltr'>Ita</span> <span class='ocrx_word' id='word_1_110' title='bbox 1334 1031 1381 1063; x_wconf 89' lang='lat' dir='ltr'>n</span> <span class='ocrx_word' id='word_1_111' title='bbox 1370 1013 1500 1064; x_wconf 81' lang='lat' dir='ltr'>ultis</span> <span class='ocrx_word' id='word_1_112' title='bbox 1516 1017 1730 1074; x_wconf 87' lang='lat' dir='ltr'>vivitur,</span> 
     </span>
     <span class='ocr_line' id='line_1_14' title="bbox 119 1086 1729 1160; baseline 0.001 -19"><span class='ocrx_word' id='word_1_113' title='bbox 119 1105 171 1141; x_wconf 79' lang='lat' dir='ltr'>ut</span> <span class='ocrx_word' id='word_1_114' title='bbox 195 1090 365 1160; x_wconf 83' lang='lat' dir='ltr'>sperari</span> <span class='ocrx_word' id='word_1_115' title='bbox 389 1127 402 1148; x_wconf 91' lang='lat'>‚</span> <span class='ocrx_word' id='word_1_116' title='bbox 443 1088 531 1140; x_wconf 85' lang='lat' dir='ltr'>nifi</span> <span class='ocrx_word' id='word_1_117' title='bbox 558 1086 824 1147; x_wconf 63' lang='lat' dir='ltr'>miraculo,</span> <span class='ocrx_word' id='word_1_118' title='bbox 849 1107 979 1142; x_wconf 82' lang='lat' dir='ltr'>mors</span> <span class='ocrx_word' id='word_1_119' title='bbox 998 1087 1130 1140; x_wconf 91' lang='lat' dir='ltr'>bona</span> <span class='ocrx_word' id='word_1_120' title='bbox 1171 1106 1273 1140; x_wconf 85' lang='lat' dir='ltr'>non</span> <span class='ocrx_word' id='word_1_121' title='bbox 1300 1087 1454 1156; x_wconf 81' lang='lat' dir='ltr'>poffit.</span> <span class='ocrx_word' id='word_1_122' title='bbox 1533 1090 1729 1143; x_wconf 86' lang='lat' dir='ltr'>Votum</span> 
     </span>
     <span class='ocr_line' id='line_1_15' title="bbox 120 1162 1727 1232; baseline 0.001 -14"><span class='ocrx_word' id='word_1_123' title='bbox 120 1166 239 1218; x_wconf 75' lang='lat' dir='ltr'>iliud</span> <span class='ocrx_word' id='word_1_124' title='bbox 270 1184 336 1218; x_wconf 87' lang='lat' dir='ltr'>ne</span> <span class='ocrx_word' id='word_1_125' title='bbox 359 1166 528 1218; x_wconf 86' lang='lat' dir='ltr'>eludat</span> <span class='ocrx_word' id='word_1_126' title='bbox 564 1166 718 1218; x_wconf 86' lang='lat' dir='ltr'>fatum</span> <span class='ocrx_word' id='word_1_127' title='bbox 752 1183 769 1232; x_wconf 79' lang='lat'><em>3</em></span> <span class='ocrx_word' id='word_1_128' title='bbox 799 1165 896 1218; x_wconf 80' lang='lat' dir='ltr'>hoo</span> <span class='ocrx_word' id='word_1_129' title='bbox 932 1164 1234 1218; x_wconf 70' lang='lat' dir='ltr'>desiderium</span> <span class='ocrx_word' id='word_1_130' title='bbox 1264 1181 1328 1215; x_wconf 89' lang='lat' dir='ltr'>ne</span> <span class='ocrx_word' id='word_1_131' title='bbox 1357 1162 1536 1217; x_wconf 85' lang='lat' dir='ltr'>evadat</span> <span class='ocrx_word' id='word_1_132' title='bbox 1557 1169 1609 1216; x_wconf 86' lang='lat' dir='ltr'>in</span> <span class='ocrx_word' id='word_1_133' title='bbox 1640 1165 1727 1219; x_wconf 88' lang='lat' dir='ltr'>de·</span> 
     </span>
     <span class='ocr_line' id='line_1_16' title="bbox 118 1239 1728 1310; baseline 0.001 -17"><span class='ocrx_word' id='word_1_134' title='bbox 118 1243 282 1295; x_wconf 77' lang='lat' dir='ltr'>iirium</span> <span class='ocrx_word' id='word_1_135' title='bbox 309 1279 322 1302; x_wconf 91' lang='lat'>,</span> <span class='ocrx_word' id='word_1_136' title='bbox 360 1243 496 1310; x_wconf 84' lang='lat' dir='ltr'>spem</span> <span class='ocrx_word' id='word_1_137' title='bbox 526 1247 697 1294; x_wconf 85' lang='lat' dir='ltr'>mortis</span> <span class='ocrx_word' id='word_1_138' title='bbox 727 1240 869 1293; x_wconf 83' lang='lat' dir='ltr'>bonae</span> <span class='ocrx_word' id='word_1_139' title='bbox 887 1260 989 1293; x_wconf 90' lang='lat' dir='ltr'>non</span> <span class='ocrx_word' id='word_1_140' title='bbox 1016 1239 1246 1303; x_wconf 70' lang='lat' dir='ltr'>amorre,</span> <span class='ocrx_word' id='word_1_141' title='bbox 1272 1239 1353 1294; x_wconf 85' lang='lat' dir='ltr'>sed</span> <span class='ocrx_word' id='word_1_142' title='bbox 1380 1239 1406 1291; x_wconf 70' lang='lat' dir='ltr'>it</span> <span class='ocrx_word' id='word_1_143' title='bbox 1433 1246 1528 1298; x_wconf 82' lang='lat' dir='ltr'>vita</span> <span class='ocrx_word' id='word_1_144' title='bbox 1562 1243 1728 1295; x_wconf 79' lang='lat' dir='ltr'>suma-</span> 
     </span>
     <span class='ocr_line' id='line_1_17' title="bbox 121 1315 1725 1389; baseline 0 -19"><span class='ocrx_word' id='word_1_145' title='bbox 121 1336 248 1370; x_wconf 84' lang='lat' dir='ltr'>mus.</span> <span class='ocrx_word' id='word_1_146' title='bbox 329 1319 395 1370; x_wconf 91' lang='lat' dir='ltr'>Ut</span> <span class='ocrx_word' id='word_1_147' title='bbox 423 1316 558 1370; x_wconf 84' lang='lat' dir='ltr'>Echo</span> <span class='ocrx_word' id='word_1_148' title='bbox 585 1322 695 1370; x_wconf 91' lang='lat' dir='ltr'>voci</span> <span class='ocrx_word' id='word_1_149' title='bbox 724 1355 738 1379; x_wconf 91' lang='lat'>‚</span> <span class='ocrx_word' id='word_1_150' title='bbox 779 1321 845 1370; x_wconf 85' lang='lat' dir='ltr'>ita</span> <span class='ocrx_word' id='word_1_151' title='bbox 871 1335 1004 1371; x_wconf 87' lang='lat' dir='ltr'>mors</span> <span class='ocrx_word' id='word_1_152' title='bbox 1019 1322 1126 1369; x_wconf 79' lang='lat' dir='ltr'>vitae</span> <span class='ocrx_word' id='word_1_153' title='bbox 1149 1318 1428 1389; x_wconf 81' lang='lat' dir='ltr'>respondet.</span> <span class='ocrx_word' id='word_1_154' title='bbox 1507 1317 1554 1369; x_wconf 88' lang='lat' dir='ltr'>Si</span> <span class='ocrx_word' id='word_1_155' title='bbox 1582 1315 1725 1370; x_wconf 80' lang='lat' dir='ltr'>blan-</span> 
     </span>
     <span class='ocr_line' id='line_1_18' title="bbox 121 1393 1727 1464; baseline 0.002 -19"><span class='ocrx_word' id='word_1_156' title='bbox 121 1394 182 1447; x_wconf 64' lang='lat' dir='ltr'>dex</span> <span class='ocrx_word' id='word_1_157' title='bbox 211 1395 636 1456; x_wconf 82' lang='lat' dir='ltr'>voxinsonuit‚&amp;</span> <span class='ocrx_word' id='word_1_158' title='bbox 660 1395 758 1464; x_wconf 78' lang='lat' dir='ltr'>ipsa</span> <span class='ocrx_word' id='word_1_159' title='bbox 782 1393 962 1448; x_wconf 74' lang='lat' dir='ltr'>blande</span> <span class='ocrx_word' id='word_1_160' title='bbox 989 1394 1229 1446; x_wconf 84' lang='lat' dir='ltr'>resonabit</span> <span class='ocrx_word' id='word_1_161' title='bbox 1254 1393 1406 1447; x_wconf 78' lang='lat' dir='ltr'>Echo.</span> <span class='ocrx_word' id='word_1_162' title='bbox 1493 1393 1727 1449; x_wconf 85' lang='lat' dir='ltr'>Siautem</span> 
     </span>
     <span class='ocr_line' id='line_1_19' title="bbox 118 1469 1727 1541; baseline 0.002 -20"><span class='ocrx_word' id='word_1_163' title='bbox 118 1469 746 1539; x_wconf 81' lang='lat' dir='ltr'>abs011a‚iusu1(a,aspera,</span> <span class='ocrx_word' id='word_1_164' title='bbox 773 1469 935 1524; x_wconf 87' lang='lat' dir='ltr'>hiulca</span> <span class='ocrx_word' id='word_1_165' title='bbox 968 1470 1144 1525; x_wconf 84' lang='lat' dir='ltr'>horida</span> <span class='ocrx_word' id='word_1_166' title='bbox 1158 1472 1529 1533; x_wconf 81' lang='lat' dir='ltr'>voxintonuit,·</span> <span class='ocrx_word' id='word_1_167' title='bbox 1560 1472 1727 1541; x_wconf 81' lang='lat' dir='ltr'>&amp;ipsa</span> 
     </span>
     <span class='ocr_line' id='line_1_20' title="bbox 118 1545 1722 1618; baseline 0.001 -20"><span class='ocrx_word' id='word_1_168' title='bbox 118 1547 357 1598; x_wconf 80' lang='lat' dir='ltr'>absonum</span> <span class='ocrx_word' id='word_1_169' title='bbox 375 1546 650 1615; x_wconf 78' lang='lat' dir='ltr'>quidpiam,</span> <span class='ocrx_word' id='word_1_170' title='bbox 671 1546 923 1608; x_wconf 79' lang='lat' dir='ltr'>insulsum,</span> <span class='ocrx_word' id='word_1_171' title='bbox 942 1549 1166 1618; x_wconf 82' lang='lat' dir='ltr'>asperum</span> <span class='ocrx_word' id='word_1_172' title='bbox 1183 1584 1197 1607; x_wconf 90' lang='lat'>‚</span> <span class='ocrx_word' id='word_1_173' title='bbox 1211 1545 1473 1600; x_wconf 85' lang='lat' dir='ltr'>horridum</span> <span class='ocrx_word' id='word_1_174' title='bbox 1496 1554 1570 1607; x_wconf 84' lang='lat'>,&amp;</span> <span class='ocrx_word' id='word_1_175' title='bbox 1590 1549 1722 1600; x_wconf 87' lang='lat' dir='ltr'>triste</span> 
     </span>
     <span class='ocr_line' id='line_1_21' title="bbox 121 1621 1722 1696; baseline 0.001 -22"><span class='ocrx_word' id='word_1_176' title='bbox 121 1621 293 1674; x_wconf 80' lang='lat' dir='ltr'>reddet</span> <span class='ocrx_word' id='word_1_177' title='bbox 311 1621 463 1675; x_wconf 87' lang='lat' dir='ltr'>Echo.</span> <span class='ocrx_word' id='word_1_178' title='bbox 503 1626 606 1696; x_wconf 74' lang='lat' dir='ltr'>Qii</span> <span class='ocrx_word' id='word_1_179' title='bbox 631 1627 754 1675; x_wconf 83' lang='lat' dir='ltr'>vivit</span> <span class='ocrx_word' id='word_1_180' title='bbox 778 1629 873 1675; x_wconf 82' lang='lat' dir='ltr'>vita</span> <span class='ocrx_word' id='word_1_181' title='bbox 898 1641 1213 1694; x_wconf 87' lang='lat' dir='ltr'>peccatorum</span> <span class='ocrx_word' id='word_1_182' title='bbox 1244 1660 1258 1683; x_wconf 90' lang='lat'>‚</span> <span class='ocrx_word' id='word_1_183' title='bbox 1289 1628 1528 1675; x_wconf 87' lang='lat' dir='ltr'>morietur</span> <span class='ocrx_word' id='word_1_184' title='bbox 1558 1641 1722 1675; x_wconf 82' lang='lat' dir='ltr'>morte</span> 
     </span>
     <span class='ocr_line' id='line_1_22' title="bbox 118 1698 1715 1771; baseline 0.003 -22"><span class='ocrx_word' id='word_1_185' title='bbox 118 1715 453 1767; x_wconf 88' lang='lat' dir='ltr'>peccatorum.</span> <span class='ocrx_word' id='word_1_186' title='bbox 502 1700 768 1769; x_wconf 82' lang='lat' dir='ltr'>quomodo</span> <span class='ocrx_word' id='word_1_187' title='bbox 792 1706 932 1753; x_wconf 80' lang='lat' dir='ltr'>enim</span> <span class='ocrx_word' id='word_1_188' title='bbox 960 1698 1146 1771; x_wconf 84' lang='lat' dir='ltr'>parebit</span> <span class='ocrx_word' id='word_1_189' title='bbox 1170 1718 1339 1752; x_wconf 85' lang='lat' dir='ltr'>coram</span> <span class='ocrx_word' id='word_1_190' title='bbox 1370 1701 1484 1751; x_wconf 90' lang='lat' dir='ltr'>Deo</span> <span class='ocrx_word' id='word_1_191' title='bbox 1511 1738 1523 1761; x_wconf 85' lang='lat'><em>,</em></span> <span class='ocrx_word' id='word_1_192' title='bbox 1558 1718 1715 1770; x_wconf 85' lang='lat' dir='ltr'>quern</span> 
     </span>
     <span class='ocr_line' id='line_1_23' title="bbox 117 1773 1717 1846; baseline 0 -20"><span class='ocrx_word' id='word_1_193' title='bbox 117 1779 325 1827; x_wconf 77' lang='lat' dir='ltr'>irritavit</span> <span class='ocrx_word' id='word_1_194' title='bbox 404 1787 419 1826; x_wconf 71' lang='grc' dir='ltr'><strong><em>ἓ</em></strong></span> <span class='ocrx_word' id='word_1_195' title='bbox 499 1775 689 1829; x_wconf 89' lang='lat' dir='ltr'>Coram</span> <span class='ocrx_word' id='word_1_196' title='bbox 725 1777 865 1829; x_wconf 85' lang='lat' dir='ltr'>Patre</span> <span class='ocrx_word' id='word_1_197' title='bbox 901 1814 916 1836; x_wconf 87' lang='lat'>‚</span> <span class='ocrx_word' id='word_1_198' title='bbox 962 1792 1115 1846; x_wconf 86' lang='lat' dir='ltr'>quem</span> <span class='ocrx_word' id='word_1_199' title='bbox 1156 1781 1344 1843; x_wconf 71' lang='lat' dir='ltr'>injuriis</span> <span class='ocrx_word' id='word_1_200' title='bbox 1381 1773 1543 1827; x_wconf 86' lang='lat' dir='ltr'>affecit</span> <span class='ocrx_word' id='word_1_201' title='bbox 1571 1789 1584 1828; x_wconf 69' lang='lat'>,³</span> <span class='ocrx_word' id='word_1_202' title='bbox 1614 1775 1717 1830; x_wconf 92' lang='lat' dir='ltr'>Co·</span> 
     </span>
     <span class='ocr_line' id='line_1_24' title="bbox 117 1851 1722 1923; baseline 0.001 -21"><span class='ocrx_word' id='word_1_203' title='bbox 117 1869 223 1902; x_wconf 86' lang='lat' dir='ltr'>ram</span> <span class='ocrx_word' id='word_1_204' title='bbox 269 1851 409 1923; x_wconf 85' lang='lat' dir='ltr'>Rege</span> <span class='ocrx_word' id='word_1_205' title='bbox 467 1888 481 1911; x_wconf 89' lang='lat'>,</span> <span class='ocrx_word' id='word_1_206' title='bbox 538 1871 686 1922; x_wconf 86' lang='lat' dir='ltr'>quem</span> <span class='ocrx_word' id='word_1_207' title='bbox 733 1852 982 1922; x_wconf 57' lang='lat' dir='ltr'>dest-,cerui</span> <span class='ocrx_word' id='word_1_208' title='bbox 1011 1851 1226 1906; x_wconf 80' lang='lat' dir='ltr'>habuit?</span> <span class='ocrx_word' id='word_1_209' title='bbox 1277 1853 1467 1905; x_wconf 86' lang='lat' dir='ltr'>Coram</span> <span class='ocrx_word' id='word_1_210' title='bbox 1498 1853 1675 1903; x_wconf 85' lang='lat' dir='ltr'>Amico</span> <span class='ocrx_word' id='word_1_211' title='bbox 1707 1890 1722 1914; x_wconf 87' lang='lat'>,</span> 
     </span>
     <span class='ocr_line' id='line_1_25' title="bbox 118 1924 1716 1998; baseline 0.003 -22"><span class='ocrx_word' id='word_1_212' title='bbox 118 1944 271 1996; x_wconf 86' lang='lat' dir='ltr'>quem</span> <span class='ocrx_word' id='word_1_213' title='bbox 291 1924 473 1995; x_wconf 70' lang='lat' dir='ltr'>perfide</span> <span class='ocrx_word' id='word_1_214' title='bbox 488 1927 730 1997; x_wconf 74' lang='lat' dir='ltr'>prodidit?</span> <span class='ocrx_word' id='word_1_215' title='bbox 772 1930 957 1981; x_wconf 78' lang='lat' dir='ltr'>Coram</span> <span class='ocrx_word' id='word_1_216' title='bbox 979 1930 1099 1979; x_wconf 76' lang='lat' dir='ltr'>Belli</span> <span class='ocrx_word' id='word_1_217' title='bbox 1129 1932 1274 1983; x_wconf 85' lang='lat' dir='ltr'>Duce</span> <span class='ocrx_word' id='word_1_218' title='bbox 1298 1967 1309 1987; x_wconf 86' lang='lat'>‚</span> <span class='ocrx_word' id='word_1_219' title='bbox 1342 1944 1495 1996; x_wconf 86' lang='lat' dir='ltr'>quem</span> <span class='ocrx_word' id='word_1_220' title='bbox 1514 1933 1716 1998; x_wconf 82' lang='lat' dir='ltr'>turpiter</span> 
     </span>
     <span class='ocr_line' id='line_1_26' title="bbox 115 2002 1718 2076; baseline -0.002 -23"><span class='ocrx_word' id='word_1_221' title='bbox 115 2002 354 2055; x_wconf 82' lang='lat' dir='ltr'>deseruit?</span> <span class='ocrx_word' id='word_1_222' title='bbox 395 2003 581 2055; x_wconf 74' lang='lat' dir='ltr'>Coram</span> <span class='ocrx_word' id='word_1_223' title='bbox 624 2004 842 2073; x_wconf 79' lang='lat' dir='ltr'>Sponso,</span> <span class='ocrx_word' id='word_1_224' title='bbox 880 2010 957 2060; x_wconf 81' lang='lat' dir='ltr'>cui</span> <span class='ocrx_word' id='word_1_225' title='bbox 986 2004 1136 2056; x_wconf 84' lang='lat' dir='ltr'>fidem</span> <span class='ocrx_word' id='word_1_226' title='bbox 1166 2007 1311 2076; x_wconf 83' lang='lat' dir='ltr'>fregit</span> <span class='ocrx_word' id='word_1_227' title='bbox 1339 2017 1353 2056; x_wconf 68' lang='grc' dir='ltr'><strong><em>ἓ</em></strong></span> <span class='ocrx_word' id='word_1_228' title='bbox 1418 2004 1608 2055; x_wconf 83' lang='lat' dir='ltr'>Coram</span> <span class='ocrx_word' id='word_1_229' title='bbox 1634 2008 1718 2067; x_wconf 80' lang='lat' dir='ltr'>Ju.</span> 
     </span>
     <span class='ocr_line' id='line_1_27' title="bbox 117 2077 1713 2150; baseline 0.003 -22"><span class='ocrx_word' id='word_1_230' title='bbox 117 2077 227 2135; x_wconf 86' lang='lat' dir='ltr'>dice</span> <span class='ocrx_word' id='word_1_231' title='bbox 249 2118 263 2141; x_wconf 83' lang='lat'>,</span> <span class='ocrx_word' id='word_1_232' title='bbox 329 2096 480 2147; x_wconf 80' lang='lat' dir='ltr'>quem</span> <span class='ocrx_word' id='word_1_233' title='bbox 513 2080 735 2148; x_wconf 70' lang='lat' dir='ltr'>proterve</span> <span class='ocrx_word' id='word_1_234' title='bbox 786 2079 1003 2150; x_wconf 77' lang='lat' dir='ltr'>despexi:</span> <span class='ocrx_word' id='word_1_235' title='bbox 1032 2094 1046 2133; x_wconf 69' lang='grc' dir='ltr'><strong><em>ἓ</em></strong></span> <span class='ocrx_word' id='word_1_236' title='bbox 1103 2082 1290 2133; x_wconf 84' lang='lat' dir='ltr'>Coram</span> <span class='ocrx_word' id='word_1_237' title='bbox 1345 2080 1713 2145; x_wconf 81' lang='lat' dir='ltr'>Redemptore,</span> 
     </span>
     <span class='ocr_line' id='line_1_28' title="bbox 115 2154 1717 2230; baseline 0.001 -25"><span class='ocrx_word' id='word_1_238' title='bbox 115 2173 269 2224; x_wconf 87' lang='lat' dir='ltr'>quem</span> <span class='ocrx_word' id='word_1_239' title='bbox 311 2154 567 2207; x_wconf 74' lang='lat' dir='ltr'>sceleribus</span> <span class='ocrx_word' id='word_1_240' title='bbox 596 2156 685 2207; x_wconf 82' lang='lat' dir='ltr'>suis</span> <span class='ocrx_word' id='word_1_241' title='bbox 711 2161 888 2210; x_wconf 84' lang='lat' dir='ltr'>iterum</span> <span class='ocrx_word' id='word_1_242' title='bbox 917 2164 966 2209; x_wconf 89' lang='lat' dir='ltr'>in</span> <span class='ocrx_word' id='word_1_243' title='bbox 1000 2175 1200 2210; x_wconf 83' lang='lat' dir='ltr'>crucem</span> <span class='ocrx_word' id='word_1_244' title='bbox 1242 2160 1351 2230; x_wconf 82' lang='lat' dir='ltr'>egit.</span> <span class='ocrx_word' id='word_1_245' title='bbox 1435 2156 1717 2225; x_wconf 67' lang='lat' dir='ltr'>Qiomodo</span> 
     </span>
     <span class='ocr_line' id='line_1_29' title="bbox 107 2232 1716 2306; baseline 0.002 -23"><span class='ocrx_word' id='word_1_246' title='bbox 107 2232 284 2285; x_wconf 81' lang='lat' dir='ltr'>evadet</span> <span class='ocrx_word' id='word_1_247' title='bbox 334 2232 694 2305; x_wconf 72' lang='lat' dir='ltr'>Immensum?</span> <span class='ocrx_word' id='word_1_248' title='bbox 735 2232 1015 2306; x_wconf 80' lang='lat' dir='ltr'>Qomodo</span> <span class='ocrx_word' id='word_1_249' title='bbox 1074 2234 1255 2289; x_wconf 84' lang='lat' dir='ltr'>refistet</span> <span class='ocrx_word' id='word_1_250' title='bbox 1320 2233 1716 2305; x_wconf 73' lang='lat' dir='ltr'>Omnipotenti?</span> 
     </span>
    </p>
   </div>
   <div class='ocr_carea' id='block_1_3' title="bbox 1564 2311 1712 2382">
    <p class='ocr_par' dir='ltr' id='par_1_3' title="bbox 1564 2311 1712 2382">
     <span class='ocr_line' id='line_1_30' title="bbox 1564 2311 1712 2382; baseline -0.014 0"><span class='ocrx_word' id='word_1_251' title='bbox 1564 2311 1712 2382; x_wconf 66' lang='lat' dir='ltr'>Quo.</span> 
     </span>
    </p>
   </div>
  </div>
 </body>
</html>
