1888 2584
130 55 199 109 ⁸2
751 53 878 121 aeg(
908 58 962 117 ’Ξ
999 52 1122 121 )ἓὲ’

137 174 378 249 templare
405 180 423 237 ,‘
464 172 500 230 fi
523 170 657 230 libet.
719 174 1002 250 Qomodo
1024 192 1072 228 te
1109 175 1269 248 ipsum
1304 172 1442 230 noffe
1467 214 1480 239 ,
1517 180 1571 231 δε
1605 173 1747 231 domi

135 265 231 305 tuae
270 251 490 306 habitare
538 250 759 315 debeas,
797 253 957 307 limax
1005 252 1235 310 ostendet
1283 292 1297 318 ‚
1348 258 1437 326 qui
1491 272 1745 327 nunquam

131 326 316 402 pondus
340 327 539 401 deponit
576 342 812 383 amatam.

300 404 615 459 paradoxum
644 406 712 459 est
744 443 759 466 ,
796 406 987 474 semper
1029 409 1162 459 mori
1204 444 1218 467 ,
1251 420 1306 458 ut
1343 410 1507 472 vivas3
1535 411 1588 460 &
1615 407 1746 459 (emi

133 495 222 551 per
255 483 426 536 vivere
452 521 465 543 ,
492 497 546 534 ut
579 485 815 535 moriaris.
895 482 1188 553 Utrumque
1222 481 1518 535 examuffim
1561 481 1742 553 imple-

134 560 206 608 vit
234 557 396 611 Divus
428 558 607 611 noster.
690 556 1001 612 Moriebatur
1025 559 1269 611 continui)
1287 596 1300 619 ,
1333 561 1448 629 quia
1476 574 1744 623 nunquam

133 648 195 683 ex
223 632 311 685 (uo
342 673 356 695 ,
395 636 588 705 semper
624 635 789 687 alieno
805 633 1002 687 vivebat
1026 633 1238 687 arbitrio,
1317 635 1385 686 Ita
1405 633 1596 687 vivebat
1612 635 1744 695 Dm,

134 726 189 761 ut
218 713 270 761 in
302 708 409 766 dies
433 719 487 766 &t
520 709 666 764 horas
683 728 963 765 moreretur
986 728 1110 764 cum
1134 709 1407 768 CrucifixO.
1483 711 1671 764 Omnis
1684 709 1746 761 ss·

134 786 169 837 li
205 790 439 859 cogitatio
467 785 531 840 de
555 804 720 840 creata
757 786 957 842 Triade.
1007 791 1118 853 Jam
1161 786 1329 850 Jesum
1375 784 1458 838 fibi
1497 803 1748 857 propone-

133 860 244 921 bat,
268 864 610 918 Patricoelesti
635 863 993 928 obedientem,·
1022 860 1289 933 quomodo
1321 864 1521 932 questus
1547 863 1600 913 fic
1645 898 1660 921 ,
1699 862 1748 913 se

135 954 380 1009 tanquam
427 942 674 993 latronem
731 943 879 1009 quaeri
917 945 969 991 in
992 956 1112 1012 agro
1149 976 1163 998 ,
1201 955 1358 1009 quem
1401 937 1746 1009 paratiffimam

134 1014 394 1073 vifflmam
439 1018 628 1084 semper
652 1012 949 1067 invenissent
987 1021 1038 1066 in
1070 1015 1260 1080 templo
1299 1019 1315 1078 (
1352 1015 1419 1066 Ita
1444 1012 1509 1068 de
1537 1013 1581 1065 se
1608 1012 1747 1067 credi

134 1089 878 1162 noluit‚quodexecrabaturin
904 1093 1075 1142 ceteris
1111 1125 1127 1150 ‚
1166 1092 1253 1160 qui
1292 1129 1306 1151 ,
1344 1087 1433 1141 nifi
1460 1089 1616 1142 coaffi
1648 1086 1746 1151 ,ad

133 1165 303 1220 divina
320 1167 553 1239 obsequia
572 1186 674 1219 non
692 1183 758 1218 tra
768 1166 957 1220 huntur
973 1174 988 1235 )
1010 1165 1276 1239 quomodo
1290 1164 1428 1219 idem
1457 1169 1744 1218 mutilatum

134 1243 360 1313 Cayphae
409 1243 605 1298 servum
658 1242 838 1314 absque
885 1261 1004 1296 aure
1053 1261 1158 1295 non
1214 1243 1386 1293 toleret
1431 1260 1453 1302 ,-
1482 1240 1542 1293 εὸ
1602 1238 1754 1311 quod·

135 1321 300 1374 sensus
326 1320 409 1374 bic
443 1319 763 1375 Obedientiae
810 1321 943 1373 sacer
968 1319 1022 1372 fit
1059 1357 1073 1380 ‚
1115 1337 1270 1390 quem
1313 1334 1408 1388 prae
1446 1318 1547 1370 aliis
1582 1317 1745 1369 serva-

134 1414 188 1449 re
226 1394 414 1451 studuit
451 1435 466 1458 ‚
511 1395 627 1450 etim
665 1394 1006 1449 obedientiam
1054 1391 1451 1447 commendasset
1488 1392 1743 1446 omnibus·

129 1477 236 1537 Jam
275 1475 515 1528 Divinam
554 1471 853 1543 recogitabat
887 1473 1153 1525 Parentem
1191 1491 1218 1534 ,·
1254 1467 1519 1540 quomodo
1552 1470 1745 1521 recusa-

136 1553 198 1601 rit
231 1551 432 1601 titulum
462 1550 635 1602 Matris
660 1549 760 1601 fine
800 1549 942 1600 titulo
970 1551 1188 1617 Virginis
1227 1564 1239 1594 τ
1276 1542 1537 1616 quomodo
1567 1546 1743 1598 nolue-

133 1631 193 1678 rit
222 1630 489 1688 concipere
537 1624 776 1678 dealieno
818 1664 830 1685 ,
880 1626 960 1676 sed
1001 1620 1386 1675 volueritdesuo
1425 1642 1439 1672 .-
1479 1622 1743 1692 quomodo

134 1701 307 1773 optarit
336 1702 573 1770 Sgiritum
623 1701 845 1752 sanilam
887 1718 972 1771 pro
989 1699 1160 1769 sponso
1187 1737 1200 1760 ,
1232 1715 1334 1750 non
1368 1703 1562 1750 marito.
1631 1701 1743 1760 Jam

135 1778 371 1831 oculosin
396 1776 608 1848 Josepho
630 1776 808 1851 figebat
846 1798 872 1841 ,·
910 1774 1170 1846 quomodo
1197 1791 1378 1844 pauper
1392 1790 1548 1826 artem
1585 1774 1743 1846 ligna.

135 1858 262 1908 riam
289 1869 539 1907 exerceret
576 1873 587 1903 ε
631 1852 896 1925 quomodo
932 1851 1055 1903 filius
1088 1889 1101 1910 ,
1140 1856 1225 1922 qui
1257 1848 1323 1903 de
1362 1851 1570 1904 Nutrizii
1597 1849 1744 1903 sudo-

134 1931 267 1984 ribus
301 1928 527 2000 potuiffet
554 1935 717 1984 vivere
755 1969 768 1989 ,
809 1935 982 1981 nutriri
1018 1927 1187 1980 mallet
1219 1926 1287 1982 de
1324 1926 1415 1980 suis
1466 1948 1489 1988 ‚·
1516 1933 1567 1981 δε
1608 1925 1743 1979 saber

135 2008 366 2081 lignarius
388 2007 544 2059 faetus
581 2025 642 2059 ex
679 2005 835 2080 figulo
858 2045 871 2065 ‚
899 2004 960 2059 ad
993 2004 1218 2056 doiabras
1253 2020 1532 2056 accurreret
1567 2025 1579 2056 z
1617 2020 1746 2073 quo-

134 2082 295 2138 modo
347 2083 622 2136 laborantes
673 2085 931 2147 adjuvaret
988 2098 1146 2134 mater
1190 2120 1204 2142 ,
1245 2088 1298 2135 δε
1329 2080 1579 2152 segmenta
1605 2078 1745 2130 colii-

136 2175 272 2232 geret
307 2198 322 2220 ‚
367 2178 433 2211 ne
485 2177 666 2231 panem
717 2155 1007 2210 comederet
1065 2158 1235 2209 otiosa.
1314 2154 1578 2228 Cogitabat
1642 2154 1742 2208 hoc

136 2237 532 2289 SrANtsLAus
571 2254 589 2304 ς
639 2244 690 2290 δε
731 2250 785 2287 ut
824 2232 1125 2306 propositum
1177 2233 1438 2304 Exemplar
1467 2229 1662 2302 propios
1702 2236 1741 2282 i·

139 2317 419 2374 mitat-etur,
438 2313 689 2367 Societatis
713 2312 929 2387 Regulas
951 2313 1195 2364 continuo
1224 2308 1438 2384 gestabat
1477 2304 1738 2373 manibst53

1595 2384 1736 2456 quod
